3566 5406
738 501 945 562 ..33-

270 682 339 735 στης
351 668 381 722 δέ
394 667 521 735 πράξεως
537 667 609 721 ἴδιον
620 667 754 733 ὑπάρχειν
771 666 815 720 τέ-

270 759 317 820 λος
335 756 388 822 τὴν
406 757 437 809 έκ
457 759 509 822 τῆς
533 755 659 822 πράξεως
678 771 815 821 περιγινο-

267 846 355 912 μένην
373 844 488 911 ήδονήν,
510 844 589 897 οῦτοι
605 843 632 898 οἱ
648 844 816 910 Κυρηναϊκοὶ

269 933 319 986 τόν
347 933 415 1000 όρον
438 934 489 997 τῆς
514 933 619 999 ἡδονῆς
641 933 814 1001 Ἐπικούρου,

268 1020 399 1074 τουτέστι
417 1020 470 1086 τήν
489 1025 540 1074 τοῦ
560 1021 715 1086 ἀλγοῦντος
735 1022 815 1076 ῦπεξ-

269 1109 389 1178 αἰρεσιν,
421 1110 581 1176 ἀθετοῦσιν,
605 1114 707 1177 νεκροῦ
731 1110 815 1164 κατά-

270 1213 368 1252 στασιν
393 1200 609 1265 ἀποκαλοῦντες,
635 1197 739 1266 χαίρειν
761 1199 815 1267 γάρ

270 1289 342 1354 ἡμᾶς
362 1288 398 1354 μή
418 1288 504 1352 μόνον
530 1289 575 1341 ἐπί
594 1288 715 1353 ἡδοναῖς,
745 1287 815 1340 ἀλλά

270 1377 315 1429 καί
338 1378 382 1430 έπί
405 1375 521 1442 ὁμιλίαις
544 1377 589 1429 καί
608 1376 653 1428 ἐπὶ
678 1375 814 1441 φιλοτιμί·

271 1480 330 1528 αις.
350 1466 366 1518 ό
386 1465 417 1518 δέ
434 1463 595 1532 Ἐπίκουρος
613 1467 707 1518 πᾶσαν
726 1465 815 1533 χαράν

270 1557 322 1619 τῆς
349 1557 442 1621 ψυχῆς
473 1553 561 1608 οἴεται
591 1554 636 1606 ἐπὶ
664 1569 814 1620 πρωτοπα-

270 1641 358 1710 θούσῃ
377 1647 412 1710 τῇ
433 1643 514 1709 σαρκί
532 1634 669 1707 γενέσθαι.

838 1679 842 1729 ί

243 1752 504 1824 όι31.”οτεΜη-

207 1844 385 1910 τρόδωρος
401 1845 439 1912 ,έν
462 1849 503 1913 τῷ
1161 1755 1165 1954 Ι

207 1933 269 1999 περὶ
304 1937 356 1985 τοῦ
392 1932 505 1998 μείζονα
838 1751 843 2046 Ι
1159 1955 1163 2056 Ι

208 2021 278 2073 εἶναι
289 2021 344 2086 τὴν
356 2021 421 2088 παρ’
432 2021 505 2087 ἡμᾶς

208 2106 298 2162 αἰτίαν
320 2109 390 2177 πρός
413 2109 504 2162 εῦδαι·

208 2194 307 2261 μανίαν
323 2201 375 2263 τῆς
395 2199 425 2251 ἐκ
444 2204 504 2252 τῶν
982 2213 985 2220 ¹

207 2285 381 2353 πραγμάτων
418 2287 504 2353 “ἀγα-

208 2373 271 2426 θὸν’
300 2375 370 2440 φησί
398 2375 504 2443 ’ψυχῆς

206 2461 234 2516 τί
257 2464 360 2528 ἄλλοῆ
384 2464 418 2517 τό
438 2478 503 2531 σαρ-

207 2551 256 2615 κός
274 2552 408 2617 εὐσταθὲς
420 2553 503 2607 κατά-

207 2653 300 2707 στημα
322 2642 367 2693 καί
388 2643 422 2694 τό
440 2643 504 2708 περὶ

205 2729 312 2796 ταύτης
335 2731 436 2784 πιστόν
461 2731 502 2784 ἔλ·

92 2889 98 2894 .
206 2813 342 2882 πισμα’;1
371 2820 417 2871 ναί
448 2819 503 2884 μὴν

205 2902 354 2957 Πλάτων
382 2906 397 2957 ὁ
423 2905 502 2972 φιλό-
564 2912 667 2964 Theod.
696 2913 826 2984 §91¹8.
887 2914 969 2964 Arius
1000 2929 1040 2980 ap.
1073 2913 1147 2963 Stob.
1174 2909 1211 2962 Cl.
1223 2909 1334 2975 Ster.
1349 2921 1406 2972 174,
1423 2907 1469 2958 IS.

206 2994 410 3060 σῦφθςδῑττὸν
430 2995 502 3047 Εἶναί
528 3000 720 3056 Πλάτων
751 3004 781 3056 δὲ
809 3004 824 3056 δ
851 3001 1147 3063 Ecl.II64H.49W.
1207 2996 1377 3051 Πλάτων
1403 2995 1470 3048 δέό

205 3083 239 3136 τὸ
257 3082 338 3148 τέλος
353 3083 449 3151 φησίν,
468 3083 501 3136 τὸ
528 3088 696 3156 Ἀρίστωνος
714 3097 749 3160 τῇ
779 3109 825 3158 με.
850 3089 1021 3157 Σωκράτης,
1058 3087 1147 3142 Πλά-
1173 3085 1332 3154 φιλόσοφος
1343 3085 1470 3148 εὐδαιμο-

207 3172 444 3239 μὲνμεθεκτόντε
457 3175 502 3226 καί
529 3176 663 3247 γαλονοίᾳ
685 3185 736 3233 τοῦ
756 3181 825 3248 ὅρου
851 3195 920 3232 των
939 3176 1080 3245 ταῦτάτῷ
1088 3176 1147 3229 Πν-
1173 3173 1234 3238 νίας
1254 3174 1341 3250 τέλος
1364 3172 1470 3237 τιθέμε·

191 3264 321 3326 ,πρῶτον
349 3261 379 3315 ἐν
408 3263 504 3328 αὐτοῖς
529 3265 575 3317 καί
587 3270 691 3320 τοῦτον
706 3269 825 3336 ἀπέκρυ-
851 3267 967 3334 θαγόρᾳ,
982 3265 1063 3329 τέλος
1072 3264 1148 3330 όμοί-
1172 3279 1222 3326 νος
1246 3261 1381 3328 ὁμοίωσιν
1412 3264 1469 3328 θεῷ

205 3348 334 3416 ὑπάρχον
356 3357 416 3416 τοῖς
435 3351 502 3405 εἶδε·
528 3369 583 3418 ψε·
597 3355 630 3408 τό
645 3355 699 3422 γάρ
712 3356 825 3422 “όμοιω-
852 3369 921 3409 ωσιν
951 3350 1017 3422 θεῷ.
1057 3352 1148 3420 Σαφέ-
1173 3366 1260 3419 φησιν
1288 3351 1377 3416 αὐτὴν
1399 3351 1470 3404 εῖναι

205 3453 258 3506 ⁰¹V2
287 3440 303 3492 ὃ
327 3440 362 3504 δὴ
386 3442 432 3493 καί
454 3441 502 3494 τά·
529 3446 611 3509 θῆναι
630 3447 686 3512 θεῷ
706 3447 778 3500 κατά
791 3448 825 3501 τό
851 3457 952 3511 στερον
966 3441 1147 3508 δἀῦτόδιήρ·
1173 3441 1244 3494 κατά
1274 3441 1308 3494 τό
1338 3438 1469 3505 δυνατόν,

204 3528 294 3591 Υαθὸν
324 3528 501 3594 προσονομά-
530 3533 663 3586 δυνατόν’
686 3535 766 3598 τέλος
788 3537 824 3589 ὼ-
851 3535 943 3599 θρωσε
968 3531 1148 3585 Πλάτων
1173 3528 1229 3584 εἴτε
1244 3528 1471 3594 καὶσυνδραμών

205 3618 252 3682 Ζει,
277 3616 311 3669 τό
330 3617 360 3670 δέ
385 3618 503 3683 μετέχον
528 3619 824 3688 ρίσατοτιῦνάγαθιῦν.
850 3622 982 3690 προσθείς
1004 3621 1038 3674 τό
1061 3620 1148 3673 ’κατὰ
1173 3634 1234 3682 πως
1274 3621 1314 3685 τῷ
1353 3616 1470 3681 δόγματι

204 3702 313 3757 ἐκείνου
327 3705 371 3757 καί
383 3705 437 3770 τὴν
454 3705 501 3758 ἀπ’
526 3703 758 3776 Ἀξιέπαινοςμὲν
773 3711 825 3764 οῦν
850 3710 883 3762 τό
906 3704 1041 3763 δυνατόν’
1067 3708 1147 3776 [The·
1172 3712 1225 3760 τοῦ
1255 3707 1345 3771 νόμου
1377 3733 1410 3743 -
1443 3703 1472 3757 αἱ

205 3791 293 3846 αὐτοῦ
349 3794 502 3860 δεχόμενον
529 3800 573 3851 καί
592 3798 609 3863 ἡ
628 3799 691 3865 περὶ
711 3799 765 3863 τήν
784 3799 824 3865 μί·
851 3804 900 3850 aet.
913 3816 939 3864 p.
954 3799 1003 3862 176
1013 3796 1058 3863 B]‚
1077 3813 1146 3864 φρο-
1172 3793 1227 3862 γάρ
1240 3793 1356 3858 μεγάλαι
1372 3792 1472 3857 φύσεις

204 3884 371 3950 ὁμοιότητα,
397 3883 412 3936 δ
438 3885 502 3950 περὶ
529 3899 613 3952 μησιν
646 3891 706 3940 τιῦν
741 3887 825 3941 θείων
850 3886 930 3952 νήσει
949 3886 1035 3939 δ’έστί
1054 3884 1148 3950 μόνως
1174 3885 1220 3936 καί
1242 3882 1344 3947 γυμναὶ
1370 3882 1471 3933 παθιῦν

204 3971 373 4037 ἀνθρώπους
397 3969 502 4036 γίνεται
528 3973 689 4042 παραίνεσις
710 3976 756 4041 ·ἡ
794 3976 824 4029 δέ
851 3975 981 4040 δυνατόν,
992 3979 1078 4028 τοῦτο
1086 3973 1148 4038 δ’ῆν
1191 3967 1358 4037 εῦστοχοῦσί
1393 3983 1453 4031 πως

366 4185 377 4223 ¹
394 4191 496 4240 Eadem
514 4191 632 4240 definitio
646 4219 678 4227 -
691 4207 722 4240 ex
741 4189 868 4240 Antiochi
885 4189 960 4239 libris
979 4189 1060 4254 petita
1073 4213 1105 4226 -
1118 4187 1230 4238 traditur
1245 4185 1408 4243 aCicerone,

268 4278 300 4327 de
319 4278 362 4330 fin.
381 4281 409 4328 11
428 4292 474 4341 92:
495 4278 570 4345 ‘Ipse
592 4279 661 4328 enim
681 4279 859 4344 Metrodorus,
877 4293 962 4343 paene
981 4277 1047 4326 alter
1064 4277 1202 4342 EpicuruS‚
1222 4275 1329 4324 beatum
1350 4288 1408 4322 esse

267 4367 391 4417 describit
407 4367 448 4418 his
469 4368 524 4418 sere
542 4367 642 4418 verbis:
667 4383 725 4416 cum
747 4383 840 4432 corpus
860 4366 929 4415 bene
948 4365 1118 4415 constitutum
1140 4364 1174 4412 sit
1193 4368 1219 4412 et
1238 4362 1273 4412 sit
1290 4360 1409 4427 explora·

266 4463 320 4506 tum
344 4457 381 4505 ita
399 4455 528 4506 futurum’
550 4464 576 4506 et
602 4455 711 4507 Tuscul.
730 4457 759 4504 11
780 4468 820 4520 17.
839 4457 866 4506 V
887 4467 928 4519 27.
948 4454 982 4503 de
996 4453 1041 4505 off.
1052 4454 1095 4503 111
1108 4465 1166 4517 117.
1186 4477 1219 4489 -—
1240 4451 1280 4503 cf.
1297 4452 1408 4509 Vsener‚

266 4545 342 4610 Epic.
360 4545 391 4596 fr.
411 4545 453 4596 68.
