3566 5406
707 567 894 627 ,3-

230 743 350 801 demz'cos
371 748 404 798 et
427 739 633 814 Peripateticos
653 739 858 800 nominamus.
908 740 971 798 Sed
994 741 1139 815 quoniam
1161 760 1223 799 nou
1244 751 1375 818 possunt

228 845 328 902 omnia
351 841 439 900 simul
463 842 531 911 dici,
565 842 642 899 haec
664 841 695 898 in
722 841 897 917 praesentia
923 849 997 899 nota
1019 859 1089 899 esse
1121 844 1287 912 debebunt,
1321 861 1375 901 vo·

226 945 376 1020 luptatem
405 944 626 1001 semovendam
653 959 736 1012 esse,
769 943 894 1018 quando
922 943 963 999 ad
989 943 1105 1001 maiora
1136 945 1309 1018 quaedam,
1342 952 1376 1002 ut

226 1047 286 1102 iam
309 1044 479 1120 apparebit,
511 1044 576 1101 nati
598 1037 731 1102 sumusl.
774 1043 824 1101 De
851 1043 1003 1101 vacuitate
1032 1044 1147 1101 doloris
1179 1045 1289 1101 eadem
1311 1046 1374 1103 fere

227 1146 287 1204 dici
308 1147 416 1224 solent,
449 1163 530 1220 quae
551 1145 590 1203 de
620 1146 788 1220 voluptate.
833 1159 881 1204 22.
906 1143 973 1203 Nec
1000 1163 1072 1203 vero
1095 1145 1154 1203 alia
1181 1154 1252 1204 sunt
1281 1165 1374 1223 quae·

226 1248 325 1305 tenda
355 1254 463 1304 contra
496 1244 700 1303 Cameadiam
731 1245 813 1303 illam
843 1246 1042 1319 sententiam;
1079 1262 1271 1323 quocumque
1293 1248 1375 1306 enim

226 1349 322 1406 modo
344 1365 492 1406 summmn
510 1349 625 1405 bonum
641 1347 685 1403 sic
706 1345 877 1421 exponitur,
900 1353 934 1404 ut
955 1346 988 1404 id
1010 1355 1096 1405 vacet
1121 1347 1292 1417 honestate,
1314 1367 1375 1408 nec

229 1448 330 1506 officia
350 1464 409 1505 nec
431 1446 556 1504 virtutes
578 1446 609 1503 in
631 1463 669 1503 ea
684 1445 803 1504 ratione
825 1463 884 1505 nec
906 1447 1058 1504 amicitiae
1075 1455 1218 1506 constare
1238 1459 1374 1524 possunt.

227 1548 410 1607 Coniunctio
432 1557 535 1606 autem
559 1566 628 1606 cum
649 1547 813 1607 honestate
835 1549 883 1606 vel
905 1548 1069 1625 voluptatis
1090 1551 1138 1606 vel
1159 1567 1222 1607 nou
1246 1551 1373 1610 dolendi

226 1649 259 1707 id
289 1647 391 1725 ipsum
412 1649 584 1718 honestum,
618 1650 703 1725 quod
730 1649 874 1724 amplecti
901 1649 971 1724 vult,
1006 1650 1039 1707 id
1068 1650 1160 1708 efficit
1182 1659 1279 1728 turpe.
1323 1652 1375 1711 Ad

228 1768 282 1809 eas
304 1753 385 1808 enim
408 1768 457 1809 res
478 1750 599 1821 referre,
623 1768 703 1826 quae
725 1768 810 1826 agas,
843 1769 970 1827 quarum
991 1771 1063 1823 una,
1085 1753 1110 1810 si
1135 1753 1201 1828 quis
1222 1754 1303 1810 malo
1325 1772 1376 1812 ea·

227 1861 304 1921 reat,
326 1852 358 1909 in
386 1868 505 1909 summo
528 1868 596 1910 eum
624 1851 707 1909 bono
738 1851 822 1910 dicat
844 1869 922 1922 esse,
956 1852 1051 1910 altera
1073 1861 1209 1912 versetur
1230 1853 1261 1912 in
1288 1854 1375 1912 levis·

226 1953 302 2010 sima
330 1959 416 2028 parte
445 1960 580 2022 naturae,
613 1953 805 2010 obscurantis
833 1961 882 2010 est
903 1969 1027 2010 omnem
1056 1954 1251 2030 splendorem
1277 1954 1374 2011 hone·

229 2054 327 2122 statie,
349 2071 388 2110 ne
411 2053 514 2111 dicam
535 2053 730 2128 inquinantis.
754 2053 887 2112 Restant
909 2053 1013 2123 Stoici,
1037 2055 1099 2133 qui,
1122 2073 1192 2112 cum
1214 2073 1233 2112 a
1249 2054 1373 2131 Peripa·

226 2155 325 2213 teticis
353 2162 385 2213 et
406 2154 598 2212 Academicis
629 2154 732 2212 omnia
755 2154 989 2228 transtulissent,
1020 2154 1192 2213 nominibus
1215 2155 1282 2213 aliis
1305 2173 1373 2214 eas·

226 2258 299 2314 dem
320 2272 369 2312 res
391 2254 490 2312 secuti
512 2262 591 2312 sunt.
634 2253 702 2313 Hos
726 2262 832 2312 contra
854 2254 990 2330 singulos
1012 2255 1074 2312 dici
1096 2264 1144 2313 est
1164 2257 1286 2325 melius3
1316 2258 1373 2314 sed

226 2375 317 2426 nunc,
343 2356 428 2431 quod
450 2355 583 2431 agimus;
606 2357 646 2413 de
669 2356 735 2430 illis,
760 2373 830 2414 cum
846 2357 992 2417 volemus,
1017 2371 1066 2430 23.
1088 2356 1249 2414 Democriti
1268 2365 1372 2416 autem

226 2457 386 2525 securitas,
408 2474 489 2532 quae
511 2465 559 2515 est
581 2457 673 2514 animi
694 2465 850 2532 tamquam
872 2457 1081 2533 tranquillitas,
1105 2475 1197 2532 quam
1218 2459 1374 2533 appellant

226 2554 387 2635 εὐθυμίαν,
410 2577 448 2618 eo
472 2560 645 2634 separanda
665 2558 722 2616 suit
744 2559 783 2616 ab
806 2559 864 2616 hac
887 2558 1105 2634 disputatione,
1130 2560 1202 2634 quia
1228 2560 1287 2617 ista
1309 2560 1373 2618 ani·

224 2660 265 2717 mi
291 2660 491 2737 tranquillitas
518 2676 556 2717 ea
584 2667 633 2718 est
655 2660 722 2735 ipsa
744 2659 838 2717 beata
857 2660 933 2729 vita;
969 2660 1142 2735 quaerimus
1165 2668 1274 2730 autem,
1308 2678 1371 2718 non

225 2779 304 2838 quae
327 2761 372 2830 sit,
392 2761 449 2818 sed
467 2760 551 2818 unde
573 2760 620 2817 sit.
652 2759 716 2818 Iam
732 2760 878 2837 explosae
900 2760 1079 2836 eiectaeque
1102 2760 1275 2819 sententiae
1298 2760 1373 2830 Pyr-

224 2862 330 2931 rhonis,
364 2861 520 2927 Arzttonzb,
553 2859 660 2930 Erilli,
692 2862 777 2936 quod
803 2861 835 2919 in
866 2861 948 2919 hunc
976 2862 1093 2931 orbem,
1126 2880 1218 2937 quem
1244 2863 1372 2920 circum·
1456 2845 1459 2849 ⁸

225 2963 407 3039 scripsimus,
438 2963 574 3021 incidere
596 2981 660 3020 non
681 2971 819 3039 possunt,
851 2963 1050 3021 adhibendae
1077 2965 1200 3022 omnino
1222 2980 1286 3021 non
1308 2963 1371 3021 fue·

224 3072 303 3127 runt.
347 3064 427 3123 Nam
455 3082 524 3122 cum
551 3065 650 3124 omnis
677 3064 757 3124 haec
784 3066 926 3141 quaestio
959 3066 1000 3122 de
1027 3064 1137 3124 finibus
1160 3073 1192 3123 et
1214 3064 1302 3140 quasi
1332 3065 1372 3120 de

225 3164 368 3224 extremis
397 3167 549 3224 bonorum
571 3173 602 3224 et
627 3165 776 3224 malorum
804 3166 844 3224 ab
871 3183 909 3222 eo
939 3165 1156 3242 proficiscatur,
1190 3165 1276 3240 quod
1296 3163 1373 3221 dixi-

224 3284 290 3326 mus
310 3247 437 3325 naturae
459 3284 529 3325 esse
551 3275 657 3343 aptum
680 3275 711 3325 et
726 3267 1002 3340 accommodatum,
1027 3267 1172 3342 quodque
1194 3266 1294 3342 ipsum
1316 3283 1371 3340 per

225 3385 259 3425 se
282 3368 412 3444 primum
433 3376 603 3444 appetatur,
634 3368 694 3426 hoc
716 3377 817 3427 totum
839 3377 870 3426 et
891 3369 911 3426 ii
934 3369 1053 3438 tollunt,
1089 3368 1141 3443 qui
1162 3370 1194 3426 in
1215 3368 1306 3424 rebus
1327 3366 1372 3442 iis,

224 3469 255 3527 in
277 3469 387 3545 quibus
408 3469 481 3528 nihil
513 3478 566 3528 aut
587 3469 750 3528 honestum
772 3478 825 3528 aut
855 3478 942 3546 turpe
966 3470 1014 3540 sit,
1047 3477 1163 3544 negant
1189 3486 1259 3527 esse
1282 3468 1372 3526 ullam

224 3587 359 3638 causam,
382 3588 435 3629 cur
455 3571 539 3631 aliud
562 3571 613 3629 alii
635 3578 850 3647 anteponatur,
874 3588 933 3628 nec
955 3572 1035 3628 inter
1055 3587 1110 3628 eas
1133 3587 1181 3627 res
1203 3569 1372 3645 quidquam

222 3805 236 3853 I
259 3814 300 3868 54.
321 3813 363 3869 55.
383 3806 513 3857 Hortens.
532 3805 625 3867 fragm.
644 3816 679 3868 93
698 3801 743 3871 [=
762 3805 906 3867 Augustin.
926 3805 959 3855 de
977 3804 1057 3854 trinit.
1077 3803 1097 3853 l.
1111 3803 1182 3853 XIV
1201 3801 1290 3868 c.19].
1309 3801 1374 3851 Ora-

222 3898 265 3941 tor
284 3891 343 3944 218.
364 3892 397 3941 ad
415 3892 498 3944 Attio.
517 3893 575 3942 XII
596 3904 667 3952 12,2.
688 3921 721 3930 -
741 3893 853 3943 Senecae
872 3893 890 3941 l.
905 3909 929 3943 c.
949 3909 974 3958 p.
994 3903 1037 3957 45.
1054 3919 1090 3929 -
1112 3892 1209 3941 Arium
1231 3891 1372 3956 Didymum

224 3995 330 4046 quoque
350 3980 403 4030 hoc
422 3981 503 4031 verbo
522 3997 596 4031 usum
616 3996 673 4031 esse
693 3981 806 4032 eundem
825 3989 904 4047 atque
923 3981 1085 4031 Antiochum
1106 3980 1243 4031 consilium
1261 3995 1323 4045 prae
1343 3995 1371 4029 se

222 4070 349 4119 ferentem
358 4069 476 4120 videmus
485 4071 558 4122 Stob.
568 4070 624 4121 Ecl.
636 4072 650 4120 I
663 4082 693 4134 13
706 4086 733 4137 p.
743 4082 795 4134 332
805 4072 840 4121 H.
859 4069 896 4135 [p.
908 4081 960 4134 472
979 4069 1056 4118 Diels
1071 4068 1198 4136 Doxogr]
1210 4071 1238 4119 H
1252 4085 1277 4135 p.
1289 4070 1322 4118 62
1335 4070 1371 4120 H.

222 4157 292 4220 48,4
312 4158 358 4208 W.
379 4170 430 4222 274
447 4159 483 4209 H.
501 4171 584 4222 129,4
598 4160 644 4211 W.
664 4158 716 4224 278
729 4160 764 4212 H.
787 4170 873 4224 131,2
892 4159 939 4208 W.
958 4185 990 4195 —
1010 4159 1147 4208 Praeterea
1160 4159 1194 4210 cs.
1206 4158 1281 4208 Diels
1302 4158 1370 4208 Dox.

221 4262 248 4311 p.
270 4246 317 4311 185
339 4252 365 4295 et
377 4257 439 4311 395,
452 4257 484 4295 22
505 4243 544 4313 (ol
561 4245 609 4298 ἀπ’
627 4245 771 4313 ἀρχαίων).

323 4329 334 4368 ¹
354 4333 394 4386 Cs.
407 4333 441 4384 de
452 4334 534 4386 fin.11
547 4346 610 4398 113:
623 4333 668 4384 ‘ad
681 4334 774 4385 altiora
786 4334 913 4400 quaedam
926 4340 952 4384 et
960 4333 1193 4400 magnificentiora,
1206 4333 1369 4393 mihicrede,

224 4423 364 4488 Torquate,
386 4423 440 4472 nati
459 4414 573 4489 sumus’;
595 4429 622 4472 et
640 4423 673 4472 de
692 4423 736 4473 fin.
755 4423 769 4470 I
789 4435 813 4486 7,
823 4433 865 4485 23.
885 4422 918 4471 de
937 4421 982 4474 off.
1000 4424 1015 4472 Ι
1034 4433 1149 4485 29,103.
1168 4449 1201 4459 -
1222 4421 1264 4470 De
1288 4435 1372 4470 semo·

223 4511 308 4561 venda
331 4510 465 4577 voluptate
484 4511 517 4562 cl.
536 4509 628 4560 Hirzel
646 4511 674 4560 II
691 4526 717 4576 p.
736 4522 780 4574 93.
798 4522 859 4573 442.
879 4512 940 4575 641.
961 4522 1021 4576 713.
1041 4537 1073 4548 -
1093 4511 1147 4561 Cic.
1167 4509 1211 4559 fin.
1229 4509 1258 4557 II
1277 4520 1320 4576 27.
1343 4509 1370 4564 V

222 4609 265 4663 45.
287 4609 327 4663 5ο.
347 4599 380 4649 de
399 4598 449 4663 leg.
469 4599 484 4648 1
503 4609 545 4661 31.
565 4609 607 4663 47.
627 4598 661 4649 de
682 4597 726 4651 off.
745 4600 758 4648 1
780 4609 838 4666 1⁰5·
857 4599 899 4648 111
920 4610 962 4661 24.
982 4599 1047 4647 alios
1065 4598 1148 4656 locos.
