3566 5406
693 527 904 586 „29-

187 694 335 758 λογιστεῖν,
361 691 377 746 ό
397 693 427 746 ἐν
447 697 483 761 τῇ
511 692 675 758 μαχομένως
691 694 808 747 ζώντων
837 693 924 760 μηδὲν
936 692 992 748 ὑπό
1010 695 1062 746 τού
1076 692 1132 745 σώ-
1158 693 1229 758 πῶς,
1249 689 1345 757 ἐπειδὴ
1363 691 1382 756 ἡ
1402 691 1455 760 φύ·

186 785 247 834 τῶν
288 782 359 835 κατὰ
398 783 485 849 φύσιν
510 781 807 846 κακοδαιμονούντων.
836 798 922 848 ματος
961 781 979 846 ἢ
1016 781 1132 848 ὠφελεῖ-
1159 792 1201 843 σις
1232 781 1277 833 καί
1305 779 1345 844 εἰς
1379 780 1456 848 φυτὰ

188 853 412 937 ἐκλογῇκεῖσθαι
432 872 485 923 διε-
511 866 548 921 Οἱ
567 869 605 921 δέ
625 869 712 933 μετὰ
735 874 809 922 τοὺ·
835 874 899 924 σθαι
918 869 1131 936 ἢβλάπτεσθαι·
1159 869 1204 920 καί
1223 866 1261 932 εἰς
1280 868 1392 936 σπαρτόι
1411 870 1456 922 καί

187 956 338 1022 λάμβονεν.
353 958 485 1012 ότεἈν·
510 971 578 1009 τον
638 959 808 1025 προσδιαρ-
835 959 902 1012 ούτε
928 959 982 1026 γὰρ
1008 957 1047 1022 εἰς
1069 957 1131 1025 ἀρε-
1158 954 1198 1019 είς
1221 955 1322 1025 δένδρα
1347 959 1393 1010 καί
1418 957 1458 1021 εἰς

187 1043 356 1112 τίπατρος
379 1046 394 1099 ό
420 1046 484 1099 τού-
511 1045 809 1113 θροῠντεςούτωςέξέ·
834 1048 887 1113 τήν
906 1047 997 1112 αὑτὴν
1015 1046 1033 1111 ἡ
1052 1043 1132 1110 ὑγεία
1158 1040 1252 1108 λίθους
1297 1042 1428 1097 διατείνει
1449 1083 1455 1097 .

187 1148 239 1186 του
249 1134 391 1200 γνώριμος
399 1134 433 1187 τό
441 1134 485 1187 τέ·
510 1149 600 1201 φερον
635 1133 809 1200 “όμολογου-
835 1137 873 1200 μὴ
889 1134 1061 1202 βουλομένην
1076 1133 1131 1199 βία·
1158 1136 1259 1200 σαφῶς
1271 1130 1368 1186 τοίνυν
1382 1131 1455 1199 εἴρη-

188 1223 236 1284 λος
260 1225 368 1274 κεῖσθαι
391 1222 421 1274 ἐν
444 1226 485 1289 τῶ
512 1221 643 1290 μένωςτῇ
651 1223 736 1290 φύσει
745 1215 803 1286 Ζῆν’
835 1225 918 1290 ῑεται,
944 1223 1011 1277 οὔτε
1028 1221 1066 1286 εἰς
1084 1238 1132 1276 κα-
1157 1237 1204 1274 ται
1231 1220 1343 1288 ’ἄνδρες
1377 1222 1456 1274 κακοί

189 1308 324 1375 διηνεκῶς
348 1311 393 1362 καί
416 1311 485 1363 ἀπα·
511 1310 701 1375 ὑπολαβόντες
729 1311 809 1363 έλατ-
835 1311 898 1365 κίον
920 1312 996 1378 παρὰ
1014 1312 1132 1378 γνώμην
1159 1308 1193 1360 οὐ
1225 1311 1323 1362 νοοῦσι
1353 1308 1456 1374 νόμον,

189 1396 318 1463 ροβάτως
326 1397 485 1462 ἐκλέγεσθαι
511 1415 562 1452 τον
590 1401 660 1453 εῑναι
689 1398 809 1465 κατηγό-
835 1401 852 1466 ἡ
879 1400 963 1464 νόσος
987 1399 1132 1454 καθέλκει.
1159 1394 1186 1449 οἱ
1224 1395 1254 1449 δέ
1291 1394 1457 1460 ἀγαπῶντες

189 1484 240 1548 μέν
257 1483 293 1536 τό
305 1486 376 1538 κατὰ
392 1485 484 1553 φύσιν,
510 1503 586 1555 ρημα
611 1489 645 1541 τό
671 1488 727 1541 ὑπό
757 1491 808 1540 τού
835 1488 1133 1557 ἀδιάφοραγὰρτοθτα
1158 1483 1247 1549 νόμον
1283 1482 1455 1550 προβάλλου-

189 1571 389 1636 ἀπεκλέγεσθαι
405 1574 436 1626 δέ
450 1575 485 1627 τὰ
511 1575 647 1641 Ζήνωνος
714 1575 807 1642 ῥηθέν.
836 1578 932 1641 ἔλεγον
951 1579 1029 1631 εἶναι.
1048 1575 1132 1630 Ἐκεῖ·
1159 1585 1203 1625 σίν
1217 1572 1328 1636 ἑαυτοῖς
1341 1570 1457 1636 τΕῑΧος’·

76 1724 77 1727 ¹
187 1661 263 1728 παρά
297 1662 385 1730 φύσιν
416 1663 485 1716 ὑπο·
512 1663 716 1730 Κλεάνθης
755 1664 808 1731 γὰρ
834 1680 869 1719 νο
889 1666 919 1719 δέ
931 1681 963 1730 γε
977 1666 1073 1719 αὑτῶν
1086 1683 1132 1720 κο·
1158 1658 1273 1728 ’σοφία’
1303 1659 1357 1726 γὰρ
1391 1659 1455 1711 ‘W

188 1748 327 1832 λαμβόινει.
372 1750 485 1819 Ἀρχέ-
511 1756 624 1821 πρῶτος
649 1752 808 1818 διαδεξάμε-
836 1759 899 1825 μιδῇ
911 1757 1053 1824 τολμηρόν
1066 1772 1071 1783 ·
1085 1756 1131 1809 ἀν·
1157 1749 1289 1814 νθύθγων
1303 1747 1456 1812 {ww

188 1838 293 1904 δημός
320 1855 352 1893 τε
376 1839 412 1914 οὑ
438 1841 484 1893 ού·
510 1858 559 1906 νος
572 1842 659 1895 αύτοὺ
670 1841 724 1905 τὴν
735 1840 809 1907 αἵρε-
835 1847 951 1915 θρώπου
979 1845 1034 1914 γάρ
1066 1843 1131 1914 [τοι]
1157 1853 1203 1891 ταῑ
1227 1837 1278 1901 τὰς
1300 1837 1386 1900 ὁδοὺς
1408 1836 1457 1890 αὖ·

108 1935 114 1948 ·
187 1942 244 1990 τως
266 1927 391 1994 ἐξηγεῖτο
415 1930 485 1982 εἶναι
512 1943 555 1984 σιν
578 1931 736 1998 προσέθηκε
754 1927 807 2001 ‘tp
836 1937 881 1988 καί
898 1939 965 1989 θεοθ
975 1936 1028 2001 τὴν
1043 1935 1131 2000 αὐτὴν
1157 1927 1225 1992 τῆς,
1253 1925 1334 1977 ἄνοια
1366 1925 1397 1977 δὲ
1426 1924 1455 1976 ἀ’

187 2014 320 2080 τὸτέλος
341 2017 484 2084 ἐκλεγόμε·
511 2019 609 2086 φύσει’
639 2022 685 2074 καί
716 2021 809 2085 οὕτως
836 2026 933 2088 ἔλεγον
955 2023 1066 2091 ἀρετήν.
1157 2012 1274 2079 ‹99⁶va
1292 2013 1323 2066 ἐν
1341 2012 1456 2082 “ms-

187 2119 236 2168 νος
254 2104 290 2156 τά
309 2105 381 2158 κατὰ
399 2106 484 2173 φύσιν
511 2107 668 2163 ἀπέδωκε·
706 2108 810 2174 ’τέλος
1038 2091 1115 2098 —
1158 2101 1455 2167 ΕῙ·5ίῐ·ῙῙΙ)·206ι465·
1498 2110 1501 2116 ’

189 2190 305 2255 μέγιστα
323 2195 368 2246 καὶ
385 2194 485 2261 κυριώ·
511 2195 571 2249 ἐστί
598 2197 632 2250 τό
654 2197 809 2262 δμολογου-
1193 2188 1351 2255 Θαυμάζειν
1423 2190 1454 2242 δέ

188 2293 268 2346 τατα,
292 2280 345 2346 οὐχ
367 2279 430 2335 οἷόν
453 2296 485 2336 τε
511 2284 808 2352 μένωςτῄφύσειζῆν’.
1157 2279 1234 2333 ἀξιον
1245 2279 1291 2331 καὶ
1300 2281 1361 2331 τῶν
1369 2277 1454 2331 Στωι-

188 2366 258 2420 όντα
290 2368 484 2437 ὑπερβαίνειν.
510 2373 635 2440 Ὅπερό
658 2373 808 2440 Χρύσιπ·
1157 2369 1218 2418 κῶν
1249 2365 1351 2431 ῠίτῑνές
1385 2379 1454 2432 φασί

188 2456 259 2522 πρός
285 2457 397 2524 τούτοις
428 2457 485 2513 ἔτι1
511 2478 583 2527 πος
631 2463 809 2529 σαφέστερον
1158 2454 1246 2521 μηδὲν
1277 2455 1330 2521 τὴν
1361 2456 1457 2521 ψυχὴν

188 2542 485 2614 Παναίτιοςτόζῆν
512 2550 681 2618 βουλόμενος
716 2555 808 2617 ποιῆ·
1158 2543 1215 2597 ὑπὸ
1241 2547 1293 2598 τοῦ
1325 2544 1457 2608 σώματος

187 2632 260 2685 κατὰ
271 2633 322 2698 τὰς
334 2636 485 2701 δεδομένος
512 2654 570 2707 σαι,
600 2639 730 2707 ἐξήνεγκε
759 2641 810 2693 τόν
1159 2629 1330 2685 δῑατίθεσθαῑ
1386 2631 1457 2698 μήτε

143 2709 147 2716 ’
186 2718 251 2785 ἡμῖν
296 2722 328 2776 ἐκ
369 2724 485 2791 φύσεως
511 2727 618 2793 τρόπον
672 2731 807 2780 τοθτον·
1159 2720 1229 2788 πρός
1266 2719 1365 2774 κακίαν
1400 2721 1456 2774 ὑπό

188 2805 318 2875 ἀφορμὰς
327 2810 408 2875 τέλος
417 2811 484 2866 ἀπε·
511 2815 576 2882 ’ζῆν
590 2816 650 2870 κοτ“
665 2814 809 2883 ἐμπειρίαν
1158 2807 1301 2873 τῆςνόσου
1311 2807 1457 2875 μήτεπρὸς

188 2894 316 2962 φήνατο.
344 2899 390 2952 ἐπὶ
416 2899 486 2955 πᾶσί
511 2907 570 2957 τῶν
589 2905 675 2973 φύσει
695 2907 810 2970 συμβαι-
1159 2895 1457 2965 ἅρεῖήνῦπὸτῆςῦτῑ·

187 2981 241 3038 τε1
263 2986 279 3038 ὁ
303 2975 485 3043 Ποσειδώ-
510 2986 644 3046 νόντων’.
686 2993 809 3057 Διογὲ-
1159 2983 1457 3054 Είαςιᾶλλ’ἅμφῦῖερα

187 3088 261 3138 νῑθς
282 3074 317 3128 τό
341 3079 392 3144 Ζῆν
416 3081 485 3131 θεῶ·
511 3096 582 3146 νης
607 3081 659 3134 δέ·
684 3079 810 3144 ιἐιίλογι-
1159 3078 1249 3128 ταῦτα
1271 3072 1401 3139 λέγουσιν
1425 3072 1455 3128 ἀ·

188 3165 294 3223 θῡῦντα
329 3164 382 3229 τὴν
424 3170 485 3221 τῶν
511 3169 810 3237 στεῖνέντῂτῶνκατό
1160 3162 1283 3229 διάφορα
1301 3161 1444 3243 εἶναιέ-

499 3240 652 3250 ——..——

248 3274 323 3329 όλων
347 3277 480 3346 ἀλήθειαν
499 3283 544 3335 καί
566 3280 643 3337 τάξιν
663 3285 709 3336 καί
728 3297 794 3348 συγ-
847 3281 933 3349 φύσιν
953 3280 1054 3348 ἐκλογῇ
1075 3279 1121 3332 καί
1139 3276 1302 3346 ἀπεκλογῇῖ
1330 3276 1394 3343 Ἀρ·

248 3368 493 3424 κατασκευάζοντα
512 3371 599 3425 αὑτόν
617 3371 735 3425 κατὰτὸ
749 3372 795 3424 δυ-
845 3370 1000 3436 χέδημος
1019 3369 1067 3422 δέ·
1087 3367 1181 3421 πάντα
1203 3367 1239 3420 τό
1257 3363 1394 3432 καθήκον-

248 3452 343 3521 νατόν,
368 3457 439 3509 κατὰ
461 3459 548 3525 μηδὲν
572 3459 712 3526 ἀγόμενον
738 3461 795 3513 ύπό
845 3476 881 3513 τα
911 3459 1109 3520 ἐπιτελούντας
1131 3455 1202 3523 Ζῆν’.
1238 3453 1394 3511 Ἀντίπα-

248 3546 301 3596 τοθ
320 3542 424 3608 ἀλόγου
443 3545 545 3613 μέρους
562 3551 613 3614 τῆς
631 3551 732 3616 φυχῆς.
750 3566 795 3602 τι·
845 3564 926 3614 τρος
945 3547 975 3601 δέ
987 3561 992 3572 ·
1004 3546 1067 3612 Ἱῆν
1081 3543 1281 3610 ἐκλεγομένους
1294 3544 1345 3611 μέν
1357 3545 1393 3596 τὰ

249 3629 305 3694 νὲς
331 3631 365 3684 δέ
388 3635 457 3685 τῶν
480 3637 661 3702 νεωτέρων
685 3638 795 3690 Στωι-
846 3637 918 3691 κατὰ
937 3637 1032 3704 φύσιν,
1051 3633 1293 3700 ἀπεκλεγομένους
1312 3633 1393 3687 δὲτὰ

250 3721 318 3771 κῶν
337 3721 429 3786 οὕτως
452 3721 594 3777 ἀπέδοσαν
615 3726 696 3790 τέλος
716 3727 794 3791 εἶναι,
846 3725 922 3791 παρὰ
944 3724 1030 3790 φύσιν
1059 3722 1216 3789 διηνεκῶςὶ
1252 3721 1393 3785 Πολλάκις

248 3806 282 3860 τό
301 3808 352 3874 ζῆν
375 3809 539 3876 ἀκολούθως
561 3818 596 3882 τῇ
615 3818 667 3867 τοὺ
687 3813 794 3881 ἀνθρώ·
847 3813 878 3866 δέ
903 3813 948 3865 καί
970 3813 1062 3874 οὕτως
1090 3809 1243 3865 ἀπεδίδου·
1266 3811 1335 3864 “πᾶν
1360 3811 1393 3863 τό

250 3910 306 3949 που
329 3904 500 3969 κατασκευῇ.
528 3900 556 3955 τί
579 3901 614 3968 δή
638 3914 683 3955 σοι
711 3900 794 3968 Ἀρί·
846 3903 906 3954 καθ’
941 3901 1029 3955 αὑτόν
1059 3905 1149 3954 ποιεῖν
1182 3898 1318 3967 διηνεκῶς
1345 3899 1393 3962 καί,

250 4101 342 4157 torem,
369 4113 448 4164 quem
467 4098 519 4160 hic,
548 4106 574 4149 et
595 4116 655 4151 eom
677 4117 756 4167 quem
773 4101 814 4151 illi
838 4102 921 4152 secuti
941 4101 1001 4154 sint.
1038 4100 1107 4150 Nam
1131 4106 1157 4150 et
1180 4099 1343 4150 Clementem
1368 4105 1394 4148 et

249 4185 345 4236 Arium
365 4186 398 4235 ab
416 4187 553 4238 Antiocho
572 4189 688 4254 pendere
706 4189 796 4252 negari
814 4204 869 4239 non
887 4195 988 4256 potest3
1005 4189 1033 4238 in
1051 4187 1175 4239 memon'a
1192 4195 1279 4239 autem
1296 4186 1393 4238 habea·

247 4288 314 4341 mus,
332 4273 475 4325 stobaeum
495 4290 526 4324 ex
544 4276 605 4325 Arii
623 4276 739 4342 epitoma
757 4278 887 4343 epitomen
905 4277 1013 4328 fecisse.

349 4356 360 4395 ¹
378 4362 597 4414 Animadvertere
615 4381 665 4416 nos
684 4373 796 4431 oportet,
825 4366 891 4432 ipsis
910 4366 952 4415 his
976 4365 1066 4416 verbis
1085 4363 1156 4431 πρὸς
1178 4364 1290 4426 τούτοις
1307 4364 1349 4417 ἔτι
1367 4371 1394 4414 et

251 4448 296 4502 ἐπί
314 4447 384 4502 πᾶσί
402 4465 434 4503 τε
458 4451 577 4520 indicari,
609 4469 724 4518 eaquae
745 4462 886 4519 sequantur
910 4454 1013 4503 adiecta
1040 4468 1099 4503 esse
1118 4453 1239 4515 catalogo
1262 4453 1314 4501 iam
1332 4467 1393 4501 con·

253 4540 330 4606 secto,
350 4554 429 4604 quem
447 4541 555 4592 tradidit
574 4542 712 4594 Stobaeus.
737 4523 741 4532 ³

1205 4641 1219 4696 3
