3566 5406
701 551 908 612 ..„-

231 724 273 781 de
305 723 461 800 voluptate
502 723 605 783 fuisse.
661 723 763 799 Atque
796 721 934 778 eiusdem
964 718 1095 794 catalogi
1132 717 1288 793 epitomen
1318 715 1378 774 alia

233 825 353 883 ratione
381 825 584 900 compositam
606 823 733 882 tradidit
755 821 881 892 Gellius,
909 819 946 880 N.
961 820 997 880 A.
1018 820 1063 877 IX
1088 833 1117 897 5,
1139 827 1263 877 secutus
1284 826 1318 876 ut
1339 835 1377 877 ex

231 925 521 983 commemoratione
548 925 679 984 nominis
702 921 888 996 intellegitur
910 921 1054 982 Taurum.

266 1073 337 1124 Sext.
356 1074 401 1123 XI
414 1086 455 1138 73.
500 1070 563 1127 olor
591 1073 645 1138 τὴν
673 1072 780 1139 ἡδονὴν
866 1071 937 1124 Gell.
956 1073 1001 1121 IX
1015 1084 1038 1136 5.
1070 1072 1112 1121 De
1129 1068 1263 1135 voluptate
1275 1074 1378 1118 veteres

231 1162 247 1214 ὁ
272 1162 322 1225 μὲν
345 1159 545 1228 Ἐπίκουρος
572 1161 679 1226 ἀγαθὸν
707 1160 779 1215 εἶναί
829 1161 985 1229 philosophi
1004 1160 1120 1210 diversas
1143 1157 1287 1207 sententias
1307 1155 1378 1204 dixe·

231 1262 327 1315 φησιν,
352 1249 421 1302 ὁδὲ
440 1248 547 1303 εἰπὼν
564 1249 694 1317 ’μανείην
713 1254 779 1315 μαλ-
829 1257 896 1302 runt.
922 1250 1062 1315 Epicurus
1074 1245 1236 1312 voluptatem
1250 1259 1376 1294 summum

231 1340 281 1390 λον
299 1336 318 1402 ἢ
336 1336 466 1404 ἡσθείην’
494 1340 594 1400 κακόν,
626 1339 653 1393 οί
673 1340 704 1393 δὲ
723 1338 779 1392 ἀπὸ
830 1341 930 1391 bonum
954 1354 1014 1390 esse
1036 1337 1120 1404 ponit,
1148 1350 1204 1385 eam
1230 1341 1316 1384 tamen
1340 1334 1377 1383 ita

231 1429 282 1493 τῆς
301 1431 386 1490 στοας
409 1427 566 1495 ἀδιάφορον
590 1430 636 1482 καί
654 1428 688 1481 οὐ
710 1444 778 1495 προ·
831 1429 935 1480 definit:
954 1426 1076 1494 ’σαρκὸς
1091 1423 1226 1487 εὐσταθὲς
1238 1421 1377 1487 κατάστη-

232 1514 363 1581 ηγμὲνον,
383 1515 453 1570 ἀλλὰ
472 1515 644 1582 Κλεάνθης
662 1518 713 1583 μὲν
728 1515 778 1583 μή·
831 1516 888 1582 μα’.
932 1517 1108 1566 Antisthenes
1135 1513 1281 1563 Socraticus
1309 1527 1377 1562 sum·

231 1619 263 1656 τε
286 1603 357 1656 κατὰ
381 1604 468 1672 φύσιν
491 1606 581 1672 αὐτὴν
608 1606 681 1659 εἶναι
709 1605 779 1672 μήτε
831 1622 903 1656 mum
921 1604 1017 1655 malum
1031 1603 1106 1653 dicit:
1128 1602 1184 1652 eius
1202 1615 1313 1666 namque
1325 1601 1377 1650 hoc

233 1689 310 1745 ἀξίαν
328 1692 401 1757 ἔχειν
421 1689 526 1759 αὐτὴνι
548 1694 632 1764 ἐντῷ
652 1683 712 1763 βίῳ,
732 1710 778 1748 κα·
831 1695 940 1744 verbum
961 1700 1016 1744 est:
1036 1686 1167 1757 ’μανείην
1187 1692 1291 1754 μᾶλλον
1309 1688 1326 1753 ἢ
1345 1689 1377 1753 ἡ·

231 1779 320 1846 θάπερ
340 1780 370 1833 δὲ
389 1782 423 1834 τὸ
442 1782 616 1849 κάλλαντρον
635 1782 707 1837 κατὰ
725 1784 778 1851 qui·
832 1783 948 1850 σθείην’.
969 1785 1139 1849 Speusippus
1152 1787 1278 1845 vetusque
1291 1778 1377 1828 omnis

231 1881 275 1920 σιν
305 1867 342 1932 μὴ
367 1869 451 1936 εῖναι,
477 1871 493 1924 ὁ
519 1871 551 1923 δὲ
571 1864 780 1937 Ἀρχέδημος
831 1874 977 1924 Academia
1007 1872 1167 1938 voluptatem
1197 1874 1223 1919 et
1258 1867 1377 1918 dolorem

230 1955 302 2008 κατὰ
325 1956 412 2023 φύσιν
442 1960 491 2024 μὲν
515 1959 587 2012 εἶναι
611 1959 649 2023 ώς
676 1959 727 2024 τὰς
749 1961 779 2013 ἐν
833 1963 885 2012 duo
905 1962 975 2011 mala
993 1976 1051 2012 esse
1069 1958 1291 2023 dicuntopposita
1308 1957 1377 2006 inter

233 2043 359 2112 μασχάλῃ
378 2042 474 2110 τρίχας
497 2047 559 2113 οὐχί
583 2047 614 2100 δὲ
638 2048 683 2100 καί
702 2047 779 2101 ἀξίαν
804 2082 806 2108 ,
832 2067 900 2116 sese,
920 2051 1019 2100 bonum
1038 2056 1124 2098 tamen
1138 2061 1206 2110 esse,
1224 2045 1296 2110 quod
1314 2043 1376 2094 utri·

232 2133 312 2198 ἔχειν,
340 2133 565 2200 Παναίτιος
591 2135 622 2189 δὲ
644 2136 707 2189 τινὰ
730 2137 780 2201 μὲν
831 2156 913 2206 usque
933 2138 1048 2188 medium
1066 2135 1142 2186 soret.
1179 2134 1251 2183 Zeno
1267 2132 1376 2190 censuit,

233 2221 304 2274 κατὰ
322 2222 410 2287 φύσιν
429 2222 572 2291 ὑπάρχειν,
596 2223 660 2278 τινὰ
679 2224 710 2278 δὲ
728 2240 779 2278 πα·
831 2228 993 2294 voluptatem
1017 2241 1077 2276 esse
1098 2223 1260 2282 indifferens,
1288 2223 1316 2272 id
1336 2227 1377 2271 est

233 2309 268 2376 βά
286 2309 380 2375 prium.
831 2323 958 2379 neutrum,
989 2331 1075 2381 neque
1099 2314 1199 2364 bonum
1220 2326 1306 2377 neque
1324 2326 1376 2359 ma·

830 2407 897 2465 lum,
929 2405 1001 2472 quod
1028 2405 1086 2470 ipse
1115 2403 1217 2452 Graeco
1245 2398 1376 2449 vocabulo

829 2486 1017 2561 ‘dbrdpopou’
1051 2489 1202 2557 appellavit.
1240 2487 1377 2539 Critolaus

830 2582 1019 2649 Peripateticus
1046 2586 1072 2630 et
1095 2576 1192 2628 malum
1218 2576 1376 2642 voluptatem

832 2689 891 2722 esse
911 2672 948 2722 ait
971 2677 997 2719 et
1016 2668 1097 2718 multa
1121 2666 1174 2716 alia
1196 2664 1263 2714 mala
1284 2679 1377 2730 parere

831 2777 863 2810 ex
882 2776 949 2819 sese,
972 2758 1089 2817 iniurias,
1119 2754 1242 2813 desidias,
1267 2753 1377 2803 oblivio·

829 2865 886 2908 nes,
910 2848 1040 2911 ignavius.
1076 2845 1157 2895 Pluto
1175 2848 1235 2892 ante
1253 2841 1303 2891 hos
1323 2857 1377 2890 om-

803 2975 805 3009 ,
830 2937 870 2987 nis
897 2937 935 2987 ita
964 2935 1036 2985 varie
1061 2942 1087 2983 et
1118 2930 1314 2982 multiformiter
1343 2930 1377 2980 de

830 3025 966 3090 voluptate
985 3022 1118 3086 disseruit,
1139 3029 1168 3071 ut
1186 3026 1293 3070 cunctae
1312 3019 1377 3068 istae

831 3112 986 3172 sententiae,
1010 3127 1075 3178 quas
1095 3108 1213 3175 exposui,
1241 3107 1378 3156 videantur

832 3218 864 3252 ex
890 3217 1038 3251 sermonum
1063 3199 1118 3248 eius
1142 3196 1260 3246 sontibus
1282 3194 1377 3261 proflu-

832 3290 916 3348 xisse;
942 3305 1002 3339 narn
1020 3287 1133 3353 proinde
1154 3298 1310 3349 unaquaque
1328 3283 1377 3331 uti·

831 3385 881 3436 tur,
909 3383 938 3426 ut
965 3383 991 3426 et
1012 3376 1095 3442 ipsius
1118 3372 1261 3438 voluptatis
1286 3378 1378 3421 natura

831 3466 891 3525 sert,
916 3480 981 3530 quae
1000 3473 1041 3514 est
1065 3461 1213 3528 multiplex,
1241 3468 1268 3512 et
1288 3477 1377 3511 causa·

831 3568 896 3620 rum,
925 3567 990 3618 quas
1019 3557 1121 3610 tractat,
1149 3567 1285 3618 rerumque
1313 3566 1377 3614 quas

834 3639 939 3698 eilittere
958 3638 1023 3699 volt,
1042 3638 1107 3688 ratio
1128 3639 1271 3692 desiderat.

335 3762 530 3840 Quamquam
564 3764 690 3821 multum
725 3763 804 3820 inter
836 3783 870 3821 se
898 3765 1071 3840 discrepare
1093 3763 1234 3822 videntur
1263 3766 1326 3821 duo
1349 3763 1379 3820 hi

236 3865 306 3939 loci,
329 3882 368 3920 ex
389 3883 451 3921 uno
475 3874 576 3922 tamen
601 3863 685 3922 fonte
708 3881 763 3921 eos
785 3865 938 3923 derivatos
959 3883 1028 3923 esse
1050 3864 1138 3923 heile
1160 3865 1378 3940 intellegemus,

237 3966 262 4022 si
284 3966 464 4041 scriptorum
487 3965 636 4023 rationem
664 3965 811 4023 memoria
835 3973 984 4025 tenemus.
1018 3963 1220 4040 Neglegentia
1241 3966 1324 4023 Sexti
1345 3974 1379 4023 ut

236 4066 267 4122 in
290 4066 411 4142 reliquis
434 4084 515 4142 quae
531 4066 651 4142 scripsit
666 4066 709 4124 ita
730 4065 872 4124 hocloco
888 4074 1025 4142 apparet.
1054 4067 1246 4125 Antisthenis
1265 4084 1378 4124 nomen

235 4166 382 4223 omissum
404 4175 460 4240 est,
483 4167 649 4224 veteriores
674 4165 769 4224 Stoici
784 4167 999 4243 comprehensi
1021 4176 1100 4240 sunt,
1123 4167 1230 4244 reliqui
1244 4166 1379 4242 philoso-

235 4268 288 4343 phi
310 4266 434 4324 omniuo
456 4266 659 4342 praetenuissi
677 4275 757 4327 sunt.
788 4266 919 4325 Gelliani
940 4275 1045 4326 autem
1067 4267 1199 4327 auctoris
1222 4267 1379 4325 consilium

181 4347 184 4359 Ι
235 4368 302 4427 sine
324 4366 418 4424 dubio
439 4367 472 4425 id
494 4374 569 4437 erat,
595 4371 630 4423 ut
652 4366 837 4443 singularum
859 4367 1029 4426 scholarum
1047 4366 1262 4444 philosophum
1278 4367 1378 4427 adier-

237 4509 338 4519 ...κ-..ο
342 4509 431 4516 ....--,...-.

335 4533 470 4628 1Belrlrer
489 4575 540 4628 del.
560 4573 648 4642 αὐτὴν
678 4574 710 4626 ct.
732 4573 826 4626 Hirzel
846 4575 874 4623 II
891 4591 916 4642 p.
937 4574 971 4637 89
991 4582 1017 4626 et
1033 4585 1076 4642 95.
