3566 5406
909 552 1115 604 ..12-

440 749 494 792 rae
514 731 645 808 pretium
666 732 733 804 erit,
755 733 781 790 si
802 749 840 789 ex
861 731 1017 807 permultis
1040 731 1114 790 locis
1123 726 1143 808 ¹,
1164 731 1196 788 iu
1218 730 1327 808 quibus
1350 729 1586 810 Sardanapallus

441 855 509 894 cum
531 835 662 910 Epicuro
694 833 858 906 confertur,
892 833 1027 908 singulos
1054 833 1134 891 inter
1160 850 1193 890 se
1227 833 1481 908 comparabimus
1517 853 1586 895 cum

439 936 615 1013 praesertim
642 934 825 1011 comparatis
857 934 913 992 illis
940 934 1074 1009 intellegi
1106 933 1218 1009 possit,
1253 951 1333 1010 quae
1363 934 1447 992 dicta
1474 935 1585 995 fuerint

440 1037 478 1094 ab
503 1045 626 1095 auctore
649 1035 779 1107 Graec0‚
802 1052 893 1110 quem
916 1032 1024 1093 Cicero
1047 1035 1088 1091 de
1109 1032 1280 1094 fin.11106
1303 1043 1427 1094 secutus
1451 1036 1499 1094 sit.

1023 1187 1184 1241 Theodoret.
1207 1189 1251 1241 Gr.
1278 1189 1321 1241 aff.

397 1324 441 1374 Cic
462 1325 542 1374 Tusc·
557 1323 585 1372 v
600 1332 657 1372 101.
744 1320 778 1371 de
796 1319 954 1374 fin.11106.
1024 1294 1077 1330 cur.
1107 1278 1166 1326 XII
1194 1292 1221 1343 p.
1254 1278 1320 1341 1038
1348 1260 1428 1316 Clem-
1451 1262 1527 1317 Alex.
1552 1263 1646 1320 Strom.

443 1365 450 1377 ο
908 1433 911 1440 Ι
1023 1365 1321 1430 Sch.1149M.486G.
1409 1353 1501 1413 1120,
1524 1353 1582 1407 118,

413 1483 553 1548 Quomodo
597 1480 675 1544 igitur
735 1482 788 1532 Sed
810 1481 886 1532 vobis
911 1480 999 1545 volup·
1059 1477 1321 1544 Ἐπειδήτοίνυντο-
1348 1479 1382 1534 Οί
1412 1481 1444 1535 δέ
1474 1481 1514 1548 είς
1539 1484 1647 1551 ἡδονὴν

375 1575 488 1624 iucunda
514 1572 567 1621 vita
588 1575 674 1638 potest
699 1577 780 1621 tatum
821 1576 998 1636 perceptarum
1024 1567 1114 1633 σαὺτη
1127 1571 1187 1621 τῶν
1198 1559 1321 1634 παρανο-
1347 1569 1506 1637 τράγων
1532 1571 1647 1640 δίκην

376 1677 523 1728 esseaqua
535 1661 604 1711 absit
615 1674 674 1725 pru·
699 1659 847 1709 recordatio
856 1659 998 1708 vitembea-
1024 1656 1155 1722 μούντων
1190 1655 1320 1724 διαφορά,
1348 1658 1530 1728 ἐκχυθέντες,
1584 1661 1646 1716 οἷον

376 1751 473 1811 dantia,
496 1750 565 1799 absit
585 1749 674 1799 mode·
699 1753 751 1797 tam
764 1747 835 1810 lacit,
854 1747 997 1812 etquidem
1023 1745 1057 1798 οὐ
1070 1745 1163 1811 χρεὼν
1175 1744 1261 1798 ἅπασι
1274 1759 1321 1810 χα·
1348 1747 1545 1815 ἐφυβρίζοντες
1604 1755 1645 1819 τῷ

375 1836 460 1890 rati0?
482 1840 522 1888 Ex
546 1853 599 1904 quo
616 1838 673 1888 Sar·
698 1852 807 1902 corpore
854 1842 997 1902 percepta·
1022 1833 1163 1887 λεπαίνειν
1199 1832 1320 1901 ὁμοίως,
1347 1837 1464 1905 σώματι,
1484 1840 1645 1905 καθηδυπα-

375 1926 516 1994 danapalli‚
530 1926 673 1993 opulentis·
697 1941 762 1976 rum.
798 1925 867 1976 Nam
886 1925 909 1974 si
930 1941 996 1990 quae
1022 1922 1092 1976 ἀλλὰ
1103 1923 1170 1987 τοὺς
1189 1922 1239 1989 μέν
1252 1939 1320 1989 προ·
1346 1928 1444 1978 θοίλσιν
1463 1926 1515 1979 οὐκ
1531 1926 1644 1994 εἰδότες,

375 2017 434 2066 simi
447 2017 537 2082 Syriae
554 2016 623 2078 regis
636 2031 672 2065 er·
698 2021 759 2064 sunt
785 2014 869 2074 aliae,
902 2013 995 2063 salsum
1021 2011 1186 2078 δήλωςτὸν
1203 2011 1318 2076 συιίιδη
1346 2013 1389 2067 ὅτι
1413 2014 1448 2067 τὸ
1471 2015 1521 2080 μέν
1545 2016 1645 2082 ῥακοῦ-

373 2122 416 2155 ror
434 2105 610 2171 adgnoscitur,
626 2104 671 2169 qui
698 2110 738 2153 est
752 2119 840 2154 omnes
854 2103 934 2152 animi
951 2118 995 2152 vo·
1022 2098 1094 2165 βίον
1107 2099 1319 2165 ἀσπαζομένους
1345 2118 1399 2169 ται,
1422 2103 1529 2168 φύσει
1552 2104 1644 2170 ρευσ-

373 2194 670 2244 ineidiiussitinbusto:
697 2191 812 2258 luptates
824 2206 882 2240 esse
892 2191 926 2240 de
940 2206 994 2240 cor·
1021 2188 1228 2255 μυσάττεσθαι,
1259 2193 1320 2252 τοῖς
1345 2191 1405 2244 τὸν
1433 2192 1491 2244 ὄν’
1520 2192 1539 2259 ἡ
1566 2192 1643 2258 ψυχὴ

408 2284 484 2332 Haec
495 2282 586 2342 hebui,
604 2296 671 2347 quae
697 2281 768 2346 poris
786 2280 913 2332 satietate.
1021 2277 1052 2330 δὲ
1075 2278 1169 2341 ἄλλοις
1190 2278 1236 2329 καί
1256 2279 1320 2342 ξυμ·
1343 2277 1377 2331 ’δέ
1397 2279 1494 2332 αὐτῶν
1517 2279 1553 2332 έν
1572 2282 1644 2347 βορ-

374 2372 418 2421 edi
435 2387 553 2438 quaeque
569 2376 671 2420 exsatu-
733 2368 854 2434 Corporis
909 2373 995 2417 autem
1021 2366 1165 2431 βουλεύειν.
1181 2367 1227 2418 καί
1251 2380 1320 2431 παρ·
1347 2365 1435 2436 βόριρ
1454 2366 1574 2433 κακίας
1592 2384 1643 2422 κα-

377 2468 432 2510 rata
449 2459 543 2510 libido.
696 2456 817 2523 voluptas
857 2457 881 2507 si
917 2457 994 2506 etiam
1020 2459 1126 2521 αινεῖν,
1159 2455 1206 2507 καί
1240 2459 1319 2520 χεῖρα
1344 2470 1391 2507 το
1403 2456 1455 2522 ρώ
1471 2472 1605 2523 ρυκτα
1618 2474 1643 2524 ι,

408 2549 518 2617 Hausit3
536 2555 562 2598 at
574 2547 623 2597 illa
633 2547 670 2596 ia·
696 2546 836 2612 praeterita
871 2545 994 2606 delectat,
1020 2543 1137 2610 ὀρέγειν,
1165 2545 1211 2596 καί
1238 2545 1319 2610 θερα-
1345 2544 1436 2609 δόγμα
1462 2544 1568 2612 ἡδονῆς
1594 2544 1643 2597 uu·
1748 2529 1749 2548 ³

374 2645 434 2689 cent
453 2637 534 2688 multa
552 2641 579 2687 et
597 2651 670 2702 prae·
696 2650 750 2686 non
779 2634 915 2698 intellego,
951 2649 995 2684 cur
1020 2632 1116 2686 πεύειν
1164 2631 1317 2698 ἐπιμελῶς,
1343 2635 1404 2700 τῆς,
1423 2633 1527 2698 auxilli
1541 2633 1644 2701 ἀνδρὸς

375 2727 446 2777 clara
464 2725 564 2778 relicta.
695 2723 851 2774 Aristoteles
867 2723 994 2774 Sardana-
1020 2722 1066 2774 καὶ
1082 2720 1256 2788 προσφέρειν
1267 2723 1319 2786 τῆς
1344 2720 1546 2776 Ἀποστολικοο
1561 2738 1642 2788 μετα-

409 2816 480 2880 Quid
491 2814 572 2874 aliud,
584 2813 669 2879 inquit
695 2812 758 2878 palli
771 2813 929 2878 epigramma
941 2817 995 2862 tan·
1019 2809 1124 2876 ὑγιείας
1147 2811 1183 2863 τὰ
1208 2809 1317 2878 φάρμα-
1344 2811 1516 2865 διωκόντων.
1525 2810 1579 2864 τίνι
1588 2811 1642 2878 γὰρ

370 2902 540 2962 An'stoteles‚
553 2900 669 2951 iubovis
695 2909 723 2952 to
737 2917 814 2968 opere
829 2901 950 2961 den'deat,
965 2901 994 2950 in
1019 2913 1079 2952 κα·
1117 2897 1241 2963 ἐκείνους
1277 2899 1316 2964 δέ,
1343 2899 1423 2954 οὖτοι
1443 2899 1643 2968 Σαρδαναπάλ-

370 2993 470 3042 nonin
490 2991 561 3054 regis
583 2989 669 3056 sepul·
695 3006 748 3055 quo
770 2989 816 3039 ille
840 3006 883 3040 rex
902 2990 993 3056 Syriae
1019 2989 1055 3054 ἤν
1067 3004 1094 3042 τι
1107 2987 1258 3054 ἐπιμένωσι
1268 2990 1317 3053 θη-
1343 2990 1393 3042 λου
1435 2989 1641 3057 διαφέρουσιν;

370 3081 435 3131 chro
488 3075 668 3129 inscriberes?
695 3078 821 3142 gloriatur
847 3095 876 3129 se
901 3094 992 3129 omnes
1018 3077 1131 3144 ριιιιδῶς
1167 3076 1316 3142 βιοτεύον-
1343 3076 1377 3131 οὓ
1400 3077 1451 3130 τὸν
1476 3077 1537 3143 βίον
1560 3078 1642 3144 δηλοῖ
1746 3133 1747 3144 ,

369 3169 445 3219 Haec
453 3167 553 3218 habere
565 3182 668 3217 semor·
695 3183 784 3218 secum
795 3167 936 3218 libidinum
947 3184 991 3219 vo·
1018 3179 1072 3232 τες,
1099 3165 1145 3218 καὶ
1168 3165 1317 3232 περιόντας
1341 3166 1376 3218 τὸ
1395 3164 1569 3234 ἐπίγραμμα·

369 3264 442 3307 tuum
461 3256 533 3316 dicit,
552 3271 620 3336 quae!
634 3271 668 3305 ne
694 3255 808 3322 luptates
844 3257 991 3309 abstulisse.
1018 3253 1222 3321 θρηνήσωμεν,
1271 3255 1317 3307 καί
1377 3253 1464 3308 Ταῦτ’
1483 3255 1548 3322 ἔχω,
1578 3253 1642 3308 ὅσσ’

369 3345 443 3395 vivus
475 3343 582 3410 quidem
613 3344 667 3394 diu·
731 3345 809 3411 Quod
823 3346 893 3396 enim
909 3346 992 3395 nevi-
1017 3343 1316 3410 ἀποθανοοσιτόΣαρ-
1342 3342 1451 3409 ἔφαγον
1467 3344 1513 3396 καί
1529 3343 1642 3410 ἐφύβρι-

367 3434 419 3484 tius
447 3432 563 3484 habebat
592 3448 668 3497 quam
693 3449 741 3483 vus
759 3433 875 3499 quidem,
897 3434 990 3499 inquit,
1017 3432 1196 3486 δαναπάλλου
1247 3429 1316 3484 ἐπί·
1342 3445 1386 3498 σα,
1405 3433 1451 3484 καὶ
1465 3430 1524 3497 μετ’
1535 3431 1642 3498 ἔρακτος
1745 3477 1746 3484 ,

368 3523 506 3576 fmebatur.
694 3521 792 3572 diutius
823 3523 917 3573 sentire
943 3539 990 3588 po·
1016 3536 1129 3588 γραμμα
1158 3520 1316 3587 προσενέγ-
1341 3519 1443 3587 Τέρπν’
1466 3520 1587 3574 ἔπαθον·
1604 3520 1642 3574 τὰ

692 3615 758 3659 terat
767 3626 843 3677 quam
853 3610 916 3660 dum
926 3609 991 3660 irue-
1016 3624 1118 3674 κωμεν.
1179 3609 1227 3677 Τῷ
1261 3609 1316 3676 γὰρ
1342 3609 1373 3663 δέ
1391 3608 1484 3663 πολλὰ
1497 3611 1543 3662 καί
1561 3610 1641 3674 ὄλβια

692 3699 777 3759 batur,
796 3715 848 3764 quo
866 3700 947 3750 modo
960 3699 989 3750 id
1016 3698 1051 3763 δὴ
1083 3696 1190 3751 ἐκείνου
1226 3696 1315 3762 έπιγέ-
1341 3703 1420 3752 κεῖνα
1438 3697 1587 3751 λέλειπται.

690 3787 776 3852 potuit
804 3795 905 3838 monuo
932 3804 990 3856 per·
1015 3800 1137 3853 γραπται
1193 3785 1279 3854 τάφῳ
1309 3799 1315 3811 ·
1378 3787 1428 3841 Καὶ
1436 3785 1491 3854 γὰρ
1502 3786 1559 3851 ἐγὼ
1571 3799 1640 3839 σπο-

690 3875 811 3926 manere?
1014 3873 1100 3930 Tdoo’
1137 3874 1210 3941 ἔχω,
1253 3874 1314 3928 ὅσσ’
1341 3875 1390 3940 δός
1408 3874 1470 3942 εἰμι,
1490 3873 1574 3928 Νίνου
1594 3890 1640 3941 με-

725 3967 804 4016 Fluit
830 3967 920 4031 igitur
946 3981 989 4016 vo·
1015 3964 1124 4032 ἔφαγον
1142 3965 1188 4017 καὶ
1204 3963 1316 4030 ἐφύβρι-
1340 3963 1429 4030 γάλης
1448 3963 1621 4028 βασιλεύσας.

690 4059 783 4122 luptas
812 4057 934 4121 corporis
964 4061 991 4105 et
1015 4066 1060 4121 σα,
1078 4053 1124 4106 καί
1137 4052 1195 4119 μετ’
1209 4052 1316 4120 ἔρωτος

435 4193 628 4202 m

537 4256 549 4295 ¹
566 4258 708 4324 Augustin.
718 4259 752 4307 de
761 4256 809 4307 civ.
822 4256 865 4306 dei
876 4256 906 4305 11
918 4266 967 4314 203
987 4253 1148 4306 Theodoret.
1161 4254 1252 4307 Graec.
1265 4252 1351 4306 affect.
1365 4269 1418 4307 cur.
1428 4252 1472 4304 IX
1483 4270 1510 4319 p.
1521 4261 1574 4315 942

433 4348 546 4401 Schulze
563 4364 590 4415 p.
606 4358 672 4412 1053
692 4353 754 4398 tom.
766 4345 808 4396 IV
825 4346 919 4408 Migne
936 4361 962 4410 p.
977 4343 1025 4407 361
1040 4342 1174 4402 Gaissord3
1193 4343 1252 4392 XII
1264 4359 1290 4408 p.
1306 4342 1373 4406 1038
1392 4342 1453 4392 Sch.
1466 4358 1492 4407 p.
1506 4353 1573 4404 1149

433 4441 472 4492 M.
490 4455 516 4505 p.
527 4438 580 4501 486
599 4437 632 4489 G.
651 4463 683 4473 —
704 4434 822 4485 Clemens
839 4433 918 4486 Alex.
936 4433 1030 4483 Strom.
1049 4433 1078 4480 H
1091 4443 1133 4491 20,
1155 4432 1204 4482 118
1223 4448 1250 4498 p.
1272 4442 1321 4494 177
1341 4431 1368 4482 S.
1387 4431 1496 4481 Maxim.
1512 4431 1573 4495 Tyr.

432 4529 507 4592 1113
527 4534 554 4578 et
571 4540 601 4590 93
619 4525 673 4577 VH
691 4537 720 4587 93
738 4525 769 4573 X
788 4536 816 4586 93
836 4523 908 4572 XIII
927 4521 956 4582 7;
975 4521 1035 4571 XX
1053 4521 1084 4587 23
1106 4519 1182 4570 XXI
1203 4520 1232 4588 83
1249 4517 1366 4570 XXXV
1384 4532 1406 4570 1.
1436 4521 1574 4570 Praeterea

433 4618 466 4670 cl.
485 4623 539 4670 not.
557 4615 644 4668 Halm.
662 4614 697 4666 ad
716 4613 771 4664 Cic.
790 4614 838 4678 irg.
858 4612 892 4662 de
913 4627 941 4662 re
959 4611 1031 4678 publ.
1051 4616 1114 4661 tom.
1132 4611 1173 4661 1v
1191 4626 1217 4677 p.
1237 4609 1297 4674 832.
