3566 5406
714 581 898 642 ..7-

235 756 307 815 iecit
327 749 480 834 Erillus’!]
504 756 568 827 sed,
599 753 718 831 opinor,
752 753 904 829 explicata
926 753 1048 810 uberius
1070 759 1103 809 et
1122 751 1266 812 ornatius.
1310 749 1378 808 Hos

235 858 259 915 si
274 857 487 915 contemninus
503 865 535 914 et
548 857 609 913 iam
623 855 760 913 abiectos
775 863 929 930 putamus,
945 862 1003 912 etc.
1024 853 1101 926 [Cic.
1112 853 1209 912 Acad.
1221 853 1250 910 II
1266 853 1281 922 ἐ
1296 850 1381 925 1²9]-

233 989 273 1000 ·-
295 958 337 1017 Et
357 958 383 1015 si
405 957 553 1015 evolveris
573 956 761 1014 Academica
776 955 941 1024 Ciceronis,
964 955 1079 1012 ibidem
1101 955 1237 1012 invenies
1259 961 1381 1029 praeter

234 1075 298 1130 eos,
331 1075 409 1134 quos
437 1057 532 1126 attuli,
565 1056 699 1131 Erillum,
733 1057 917 1130 Aristonem,
953 1055 1148 1131 Pyrrhonem,
1182 1055 1379 1130 Aristippum,

232 1161 408 1235 Epicurum,
443 1157 678 1234 Calliphontem,
707 1157 937 1232 Hieronymum,
959 1157 1139 1232 Diodorum,
1172 1155 1379 1226 Polemonem,

234 1261 440 1329 Aristotelem,
461 1259 664 1329 Carneadem,
688 1259 855 1318 Zenonem.
898 1257 1015 1315 Horum
1039 1258 1197 1316 nominum
1218 1258 1249 1315 in
1270 1257 1379 1316 ordine

236 1361 323 1421 facile
349 1361 561 1436 intellegemus
588 1369 650 1418 tres
672 1361 786 1419 classes
815 1359 936 1419 tabulae
962 1359 1159 1436 praepositae
1185 1376 1288 1434 neque
1312 1359 1379 1435 quis

234 1479 347 1536 negare
373 1469 478 1538 potest
504 1462 547 1519 ad
572 1460 717 1520 historiae
746 1462 897 1519 rationem
931 1461 1162 1536 quodammodo
1189 1459 1271 1518 hunc
1301 1460 1381 1518 indi·

234 1580 300 1622 cem
321 1562 522 1639 compositum
548 1578 626 1622 esse.
670 1562 812 1621 Discedit
840 1563 920 1620 enim
948 1562 979 1619 in
1009 1562 1072 1618 duo
1094 1577 1217 1637 genera,
1249 1578 1381 1638 quorum

234 1665 266 1722 iu
288 1663 384 1722 altero
414 1680 471 1721 eae
498 1664 673 1721 sententiae
699 1671 877 1741 tractantur,
911 1680 991 1738 quae
1018 1663 1143 1720 omnino
1175 1664 1381 1721 removendae

235 1767 304 1836 siut,
332 1767 363 1825 in
385 1766 483 1823 altero
505 1781 571 1834 eae,
601 1782 682 1841 qnae
704 1781 773 1822 esse
798 1774 929 1839 possunt
950 1781 1093 1841 quaeque
1116 1765 1220 1824 tabula
1242 1781 1381 1839 compre·

234 1868 351 1927 heusae
375 1862 472 1926 suntl.
515 1866 672 1942 inpriore
694 1875 782 1941 parte
806 1867 834 1923 ei
857 1875 936 1943 sunt,
964 1867 1016 1942 qui
1038 1874 1111 1923 ante
1133 1865 1294 1924 Platonem
1316 1865 1381 1922 fue·

233 1977 303 2027 runt
324 1977 357 2025 et
387 1966 439 2043 qui
460 1967 499 2026 ab
526 1966 577 2024 illo
600 1966 827 2043 discrepabant,
863 1968 966 2025 tabula
989 1966 1184 2025 continentur
1210 1967 1381 2025 sententiae

236 2087 302 2138 eae,
337 2087 417 2144 quae
446 2086 484 2126 ex
506 2067 644 2125 Platonis
679 2067 839 2144 disciplina
869 2076 957 2126 ortae
984 2068 1052 2127 sint
1095 2067 1197 2142 Atque
1230 2067 1255 2125 si
1280 2068 1381 2125 consi·

237 2170 380 2227 deramus
395 2169 505 2225 seriem
521 2167 781 2244 philosophorum,
805 2170 856 2244 qui
871 2169 1033 2228 Platonem
1052 2169 1252 2238 antecedunt,
1275 2168 1382 2226 distin-

234 2286 363 2344 guemus
386 2299 426 2308 -
448 2283 482 2327 ut
503 2269 660 2346 Scepticos
690 2270 830 2328 omittam
852 2302 892 2310 —
917 2271 996 2328 duas
1021 2278 1139 2344 sectas,
1174 2287 1301 2344 quarum
1328 2270 1383 2326 de·

235 2368 388 2427 finitiones
417 2371 527 2428 summi
546 2371 620 2429 boni
648 2371 827 2428 adferuntur
856 2379 888 2428 et
912 2379 1136 2447 comparantur,
1152 2389 1221 2428 cum
1243 2369 1381 2428 Platone.

237 2470 306 2527 Hae
335 2478 440 2528 sectae
473 2479 544 2529 sunt
567 2470 713 2530 Eretriaci
744 2479 775 2531 et
800 2472 960 2546 Megarici,
995 2472 1048 2546 qui
1070 2490 1139 2530 cum
1161 2469 1306 2529 Eleaticis
1339 2471 1383 2530 ita

236 2572 409 2647 iunguntur,
431 2579 465 2628 ut
485 2573 552 2647 ipse
572 2571 780 2648 Xenophanes
802 2573 945 2649 princeps
957 2571 1182 2649 Megaricorum
1204 2573 1382 2648 appelletur.

234 2671 304 2744 Quo
335 2672 400 2730 iure
423 2681 530 2731 auctor
552 2672 691 2731 Graecus
717 2674 762 2732 ita
789 2673 908 2746 iecerit,
943 2674 1124 2746 videbimus,
1157 2674 1182 2730 si
1204 2692 1274 2733 cum
1296 2673 1382 2732 Stall-

235 2773 359 2831 baumio
381 2767 436 2852 [ad
450 2773 527 2834 Plat.
552 2774 690 2834 Parmen.
713 2793 742 2851 p.
759 2769 814 2854 62]
829 2777 870 2834 ad
883 2771 1078 2849 Megaricos2
1100 2775 1288 2834 retulerimus
1309 2777 1383 2834 illud

232 2874 358 2934 Aristot.
378 2874 516 2950 Metaph.
540 2873 577 2936 N.
597 2891 617 2950 4
643 2868 724 2936 ‘nitu
752 2873 788 2936 δὲ
815 2872 874 2950 τὰς
896 2871 1068 2950 ἀκινήτους
1090 2871 1206 2951 οὐσίας
1227 2870 1311 2936 εἶναι
1333 2876 1382 2937 λε-

231 2969 357 3048 γόντων
372 2969 403 3035 οἱ
425 2971 483 3049 μέν
498 2986 602 3051 φασιν
624 2971 704 3036 αὐτὸ
726 2973 764 3037 τὸ
787 2972 824 3038 ἕν
845 2973 883 3037 τὸ
901 2970 1025 3048 ἀγαθὸν
1042 2971 1121 3037 αὐτὸ
1142 2971 1242 3037 εἶναι·
1265 2972 1382 3039 οὐσίαν

233 3072 342 3151 μέντοι
364 3073 402 3136 τὸ
424 3071 459 3138 ἕν
484 3071 584 3137 αὐτοῦ
606 3074 712 3154 ᾤοντο
738 3071 819 3140 εἶναι
841 3072 1006 3153 μάλιστα’.

331 3179 436 3252 Atque
465 3178 598 3237 eaedem
620 3179 705 3236 duae
729 3178 907 3254 disciplinae
929 3188 1128 3237 secernuntur
1150 3179 1190 3235 de
1209 3178 1258 3238 fin.
1270 3177 1314 3235 IV
1329 3176 1378 3250 36.

231 3277 279 3335 Illi
301 3279 363 3348 uni,
393 3279 479 3354 quod
500 3287 587 3337 extra
609 3286 745 3337 nostram
772 3286 962 3354 potestatem
983 3287 1016 3337 et
1036 3288 1193 3356 tamquam
1214 3279 1380 3338 inanimum

232 3378 347 3455 aliquid
369 3379 417 3449 sit,
449 3380 613 3455 opponitur
634 3379 708 3437 illud
738 3381 853 3438 bonum
875 3379 1108 3456 Eretriacorum,
1142 3380 1226 3455 quod
1250 3380 1322 3437 insit
1351 3379 1382 3436 iu

235 3480 300 3537 sola
323 3479 434 3538 mentis
456 3481 525 3538 acie
546 3489 579 3538 et
601 3481 711 3556 quiete.
756 3480 900 3539 Animum
922 3480 1012 3549 enim,
1036 3481 1085 3538 cui
1098 3481 1262 3540 essentiam
1284 3498 1380 3556 quan·

232 3581 305 3639 dam
337 3579 477 3655 tribuisse
509 3581 662 3657 videntur,
693 3582 837 3640 volebant
859 3582 1007 3641 Eretriaci
1038 3592 1103 3641 non
1129 3583 1227 3640 solum
1258 3589 1380 3640 acutum

232 3681 289 3738 sed
312 3681 406 3739 etiam
427 3680 554 3739 liberum
576 3700 596 3741 a
616 3683 897 3758 perturbationibus
920 3700 1001 3758 esse,
1025 3683 1110 3758 quod
1133 3681 1241 3741 Cicero
1263 3682 1306 3739 ita
1330 3699 1381 3740 ex-

231 3781 356 3858 pressit:
376 3769 430 3840 ‘ut
450 3800 490 3839 ue
511 3783 536 3839 is
559 3782 683 3858 quidem
699 3783 808 3841 virtute
831 3802 893 3842 uua
915 3792 1078 3842 contentus
1100 3784 1150 3858 sit,
1173 3785 1230 3841 sed
1253 3789 1380 3859 appetat

232 3882 415 3941 vacuitatem
436 3869 565 3941 doloris'
597 3882 645 3957 [id
667 3893 715 3942 est
739 3878 932 3962 ἀοχλησίαν]
940 3881 960 3945 ⁸.
985 3916 1024 3924 —
1047 3885 1135 3943 Nunc
1160 3883 1296 3960 intellegi
1327 3901 1382 3959 po·

232 3990 302 4054 test,
326 4001 405 4058 quae
428 3983 472 4042 vis
494 3985 656 4043 tribuenda
679 3985 718 4044 sit
743 3987 843 4044 verbis
864 3983 938 4058 §36
965 3980 1070 4044 ‘Nunc
1092 3986 1132 4042 de
1152 3985 1279 4043 homim's
1302 4001 1381 4042 sum·

331 4176 343 4215 ¹
361 4180 463 4232 Tullius
483 4183 542 4248 ipse
564 4183 631 4233 hanc
650 4183 807 4234 divisionem
830 4185 929 4235 induo
954 4200 1050 4249 genera
1072 4185 1171 4235 indicat
1190 4183 1279 4234 verbis
1297 4183 1383 4233 Acad.

231 4268 260 4317 11
278 4265 372 4336 §1302
400 4267 472 4319 ‘Has
491 4271 571 4334 igitur
591 4277 632 4322 tot
650 4271 789 4322 sententias
811 4279 841 4322 ut
859 4273 1016 4334 omittamus,
1039 4273 1105 4324 haec
1125 4269 1217 4341 [nunc]
1241 4271 1383 4328 videamus,

232 4372 298 4422 quae
316 4357 362 4408 diu
380 4357 543 4425 multumque
562 4359 671 4410 defensa
689 4359 773 4411 sunt’.

332 4440 403 4497 ²Ci.
418 4447 627 4510 Rider-Pteller,
645 4447 708 4499 hist.
728 4447 796 4514 phil.
817 4459 866 4511 231
892 4446 957 4501 Μ.
975 4449 1061 4499 Zeller
1080 4451 1108 4500 11
1129 4462 1152 4508 1,
1170 4464 1196 4515 p.
1216 4444 1344 4499 221³&

333 4529 345 4567 ⁸
363 4535 424 4585 Hoc
443 4551 548 4602 quoque
565 4535 624 4586 loco
645 4535 710 4586 salse
728 4536 805 4587 vertit
823 4536 926 4587 Tullius
944 4538 1054 4588 verbum
1073 4539 1206 4597 Graecum,
1233 4535 1306 4601 quod
1326 4550 1379 4585 om·

231 4621 294 4672 uino
313 4638 366 4673 non
384 4621 541 4676 intellexisse
558 4623 669 4684 videtur,
687 4624 747 4675 vide
764 4640 790 4690 p.
813 4636 823 4673 1
845 4640 871 4673 n.
894 4637 917 4676 1.
