3566 5406
720 547 926 607 „31-

851 719 908 780 θῶς
926 717 1033 782 ἀγαθὸν
1051 719 1085 772 τὸ
1107 722 1225 775 ξυνιδεῖν
1243 722 1302 776 τῶν
1326 739 1395 790 πρα·

849 804 964 870 γμάτων
984 807 1036 873 τῆν
1055 808 1150 875 φύσιν,
1176 811 1221 861 καί
1239 814 1298 864 τῶν
1317 812 1394 878 ῥεόν-

849 909 908 946 των
926 900 1149 964 καταφρονῆσαι,
1169 899 1213 951 καί
1231 900 1284 965 τὴν
1299 902 1395 968 ψυχὴν

849 981 1013 1036 ἀδούλωτον
1032 985 1078 1037 καί
1097 985 1245 1054 ἐλευθέραν
1263 989 1394 1058 διατηρῆ-

849 1082 903 1122 σαι.

282 1161 501 1230 Ἡράκλειτόν
530 1178 562 1216 τε
588 1162 638 1215 τὸν
667 1161 795 1229 Ἐφέσιον
884 1157 1004 1224 §7²¹3.
1041 1161 1090 1214 Καὶ
1117 1159 1332 1232 Ἡράκλειτος
1363 1168 1394 1221 δέ

248 1250 301 1317 τῆν
321 1251 513 1319 εὐαρέστησιν.
848 1246 864 1298 ὁ
889 1245 1015 1312 Ἐφέσῑθς
1040 1249 1094 1314 Τὴν
1123 1251 1173 1315 μὲν
1200 1254 1400 1332 προσηγορίαν,

848 1334 989 1402 μετέβαλε,
1008 1337 1061 1402 τὴν
1085 1338 1115 1390 δέ
1133 1338 1259 1394 διάνοιαν
1279 1344 1393 1397 καταλέ-

846 1424 965 1476 λοιπεν·
985 1422 1047 1477 άντί
1065 1426 1119 1493 γὰρ
1130 1413 1189 1493 τῆς
1205 1430 1311 1497 ἡδονῆς
1330 1433 1392 1486 εὐα-

845 1509 978 1578 ρέστησιν
1003 1513 1135 1567 τέθεικεν.
1176 1516 1250 1582 Ἔχει
1275 1520 1306 1573 δέ
1329 1538 1392 1576 τινα

846 1600 891 1651 καί
911 1599 1009 1666 ἑτέραν
1034 1602 1156 1669 ἔμφασιν
1179 1604 1263 1670 αὐτος
1282 1608 1297 1661 δ
1317 1609 1391 1676 ὅρος.

728 1741 731 1746 ,
844 1686 996 1756 Ἀορίστως
1026 1690 1080 1758 γάρ
1114 1693 1168 1758 τὴν
1207 1695 1391 1764 εὐαρέστησιν

843 1776 959 1842 τέθεικε,
978 1778 1012 1830 τὸ
1027 1779 1059 1832 δέ
1074 1780 1181 1848 ταύτης
1198 1784 1281 1838 ποιὸν
1296 1787 1330 1840 οὐ
1347 1789 1391 1843 δε·

844 1863 962 1930 δῆλωκε.
999 1866 1141 1936 Διάφοροι
1161 1871 1192 1923 δέ
1209 1876 1270 1925 τῶν
1283 1873 1390 1943 ἀνθρώ·

843 1969 905 2005 πων
921 1953 950 2008 αἱ
968 1959 1094 2021 γνῶμαι·
1105 1960 1224 2025 τοίςμέν
1240 1963 1293 2030 γάρ
1310 1959 1390 2032 ἀρέσ-

843 2058 885 2095 κει
903 2045 1086 2112 σωφροσύνη,
1113 2051 1172 2112 τοῖς
1196 2050 1227 2103 δέ
1246 2051 1264 2116 ἡ
1283 2053 1390 2121 ταύτης

842 2129 955 2185 ἐναντία
974 2130 1074 2186 κακία·
1089 2135 1134 2186 καί
1155 2142 1215 2201 τοῖς
1234 2138 1284 2202 μέν
1304 2140 1389 2209 ἀκρα-

842 2217 889 2273 σία
900 2235 904 2245 ’
917 2225 976 2284 τοῖς
995 2221 1025 2274 δέ
1042 2222 1188 2289 ἐγκράτεια
1199 2239 1205 2253 ·
1217 2229 1263 2279 καί
1276 2230 1389 2295 τούτοις

841 2308 892 2374 μέν
915 2308 1009 2373 ἀδικος
1033 2311 1079 2364 καί
1101 2316 1297 2380 πλεονεκτικδς
1322 2317 1387 2386 βίος,

842 2396 958 2463 ἐκείνοις
968 2399 999 2452 δέ
1011 2397 1123 2465 δίκαιος.
1143 2403 1183 2455 Τδ
1196 2403 1293 2459 τοίνυν
1307 2407 1387 2462 ἑκάσ-

840 2506 883 2558 τιμ
896 2481 1029 2556 ἀρέσκον,Ι
1044 2489 1098 2554 ἡδύ
1110 2505 1142 2542 τε
1155 2493 1201 2544 καί
1214 2492 1386 2565 ἀξιέραστον,

842 2579 925 2643 αὐτος
935 2576 1059 2646 ῶρίσατο
1072 2578 1159 2647 τέλος,
1180 2579 1242 2635 άντί
1257 2587 1307 2649 τῆς
1320 2586 1386 2651 ἡδο·

841 2672 892 2731 νῆς
910 2666 964 2732 τὴν
983 2666 1167 2734 εὐαρέστησιν
1185 2672 1325 2736 τεθεικώς.

279 2757 524 2827 Πυθαγόραν
551 2759 582 2812 δέ
607 2760 623 2812 ὁ
648 2759 788 2824 Ποντικὸς
877 2755 893 2825 ἡ
907 2758 921 2808 8
940 2765 956 2794 ¹¹
970 2770 995 2820 4.
1014 2755 1045 2808 ‘0
1055 2756 1085 2808 δέ
1100 2759 1313 2825 πολυθρύλητος
1323 2761 1386 2816 Πυ-

242 2845 420 2913 Ἠρακλείδης
439 2844 544 2912 ίστορεῑ
561 2848 615 2913 τὴν
631 2848 787 2917 ἐπιστήμην
842 2846 924 2912 θαγά
931 2861 990 2914 ρας
1026 2845 1079 2910 τὴν
1115 2847 1293 2916 τελεωτάτην
1327 2853 1386 2904 τῶν

242 2937 293 2999 τῆς
310 2931 503 3001 τελειότητοςι
520 2939 578 2989 τῶν
598 2935 723 3005 ἀριθμῶν
736 2942 788 3005 τῆς
843 2936 969 3003 ἀριθμῶν
993 2931 1149 3000 ἐπιστήμην
1174 2935 1294 3000 ἐσχατον
1319 2939 1386 2994 ὑπέ-

242 3025 337 3088 ψυχῆς
363 3020 540 3087 εὐδαιμονίαν
569 3023 640 3076 είναι
666 3027 788 3093 παραδε-
842 3027 925 3089 λαβεν
944 3022 1058 3086 ἀγαθάν.

824 3094 1016 3104 --.--ι

277 3113 358 3162 Arius
391 3128 432 3177 ap.
461 3111 534 3165 Stob.
562 3113 589 3161 ΙΙ
640 3113 776 3168 δωκέναι.
797 3113 867 3168 ἀλλὰ
890 3113 935 3165 καί
956 3111 987 3165 οἱ
1073 3110 1302 3181 Theod.§6112.
1322 3115 1385 3183 Δη-

241 3199 589 3267 p.76H.p.52W.:(De·
639 3200 880 3271 Ἀβδηρῖται
907 3201 987 3264 τέλος
1038 3198 1202 3267 μόκριτος
1235 3202 1307 3255 δέδ
1338 3203 1384 3257 Ἀ-

241 3285 377 3354 mocritus)
403 3286 462 3352 Τὴν
484 3287 508 3340 δ’
527 3285 589 3355 <εὐ-
639 3289 774 3357 ύπάρχειν
798 3291 985 3356 διδάσκουσιν,
1038 3288 1098 3354 βδη
1105 3287 1208 3357 ρίτης,
1222 3291 1307 3343 ὁτῶν
1320 3294 1384 3346 τού-

241 3372 387 3440 δαιμάνίαν
418 3373 480 3443 καί)
508 3375 588 3429 εὐθυ-
639 3377 857 3446 Δημόκριτος
880 3380 931 3444 μέν
956 3378 985 3431 ἐν
1035 3393 1087 3429 του
1117 3375 1172 3446 (sc.
1200 3379 1384 3450 Ἐπικούρου)

242 3460 306 3526 μίαν
335 3466 379 3517 καί
406 3463 514 3517 εὐεστὼ
543 3465 588 3517 καί
639 3470 681 3536 τῷ
711 3469 782 3536 περί
804 3468 903 3532 τέλους
931 3467 985 3531 τῆν
1036 3466 1186 3531 δογμάτων
1200 3468 1302 3535 πατὴρ,
1322 3469 1384 3525 ἀντί

241 3550 389 3618 ἁρμονίαν,
417 3550 588 3620 συμμετρίαν
639 3554 785 3622 εὐθυμίαν,
809 3555 844 3622 ῆν
860 3557 906 3608 καί
925 3556 983 3609 εὐε·
1035 3557 1086 3620 τῆς
1115 3556 1220 3622 ἡδονῆς
1246 3558 1300 3624 τὴν
1338 3559 1383 3613 εὐ·

240 3654 272 3693 τε
296 3641 341 3692 καί
368 3638 517 3707 ἀταραξίαν
540 3656 587 3693 κα·
639 3644 699 3697 στῶ
734 3643 984 3711 προσηγόρευσεν,
1036 3641 1137 3708 θυμίαν
1157 3644 1300 3699 τέθεικεν·
1320 3647 1383 3700 δνο-

240 3728 495 3783 λεῖ·συνίστασθαι
514 3729 587 3782 δἀὐ-
638 3733 683 3784 καί
702 3732 834 3796 πολλάκις
856 3731 976 3795 ἐπιλέγει
1036 3730 1145 3798 μάτων,
1173 3734 1207 3787 οὐ
1232 3734 1383 3800 δογμάτων

239 3817 293 3882 τῆν
317 3817 348 3870 ἐκ
366 3823 418 3872 τού
441 3819 586 3884 διορισμοῦ
638 3819 983 3888 ’τέρψιςγάρκαίάτερπίη
1035 3818 1190 3885 ἐναλλαγὴν
1222 3821 1382 3888 ποιησάμε-

239 3906 285 3958 καί
295 3905 517 3975 τῆςδιακρίσεως
526 3911 586 3960 τῶν
638 3908 704 3975 δρας
733 3914 793 3963 τῶν
824 3908 983 3977 περικειμέ·
1033 3903 1107 3971 νοςέ.

239 4081 436 4090 -υῃ

336 4202 348 4240 ¹
364 4208 410 4256 Au
426 4206 480 4271 τὴν
498 4206 695 4275 τελεωτάτηνί

335 4290 480 4346 flvidetur
503 4297 536 4346 ab
561 4304 666 4348 auctore
685 4296 848 4347 Theodoreti
865 4296 996 4362 Epicurus
1021 4301 1083 4360 post
1101 4294 1281 4346 Democritum
1305 4310 1377 4346 com·

236 4389 395 4433 memoratus
415 4399 483 4445 esse,
510 4385 547 4434 ita
570 4391 599 4434 ut
624 4386 674 4435 hoc
699 4385 760 4435 loco
780 4385 813 4434 ad
832 4384 979 4434 Democriti
1004 4384 1161 4433 sententiam
1183 4383 1378 4444 αάιιοίαιειιίιιτ,

237 4487 303 4538 quae
321 4471 402 4522 multo
426 4473 510 4538 aptius
529 4475 562 4524 de
580 4473 694 4539 Epicuro
714 4474 870 4522 dicerentur.
908 4473 947 4523 Cf.
965 4472 1046 4534 Diog.
1064 4473 1152 4522 Laert.
1167 4472 1210 4520 IX
1221 4483 1269 4536 45:
1298 4469 1379 4534 τέλος

237 4559 267 4612 δέ
285 4559 358 4613 εῖναι
376 4558 429 4624 τῆν
448 4560 592 4631 εὐθυμίαν,
619 4561 725 4628 αὐτὴν
744 4561 833 4627 αὐτὴν
852 4560 941 4614 οὐσαν
958 4564 994 4630 τῇ
1019 4561 1118 4629 ἡδονῆ,
1145 4560 1184 4624 ὼς
1202 4559 1271 4612 ἔνιοι
1289 4573 1378 4627 παρα-
