3566 5406
320 1667 355 1724 Iu
378 1666 486 1742 quinto
509 1666 584 1724 libro
609 1663 765 1724 Ciceronis
785 1664 826 1721 de
848 1664 958 1749 finibus
980 1668 1132 1724 bonorum
1154 1677 1185 1725 et
1206 1669 1363 1738 malorum,

221 1785 312 1842 quem
327 1768 507 1844 conscripsit
530 1775 656 1825 auctore
672 1765 826 1823 Antiocho
847 1783 918 1824 usus
946 1761 997 1840 [cf.
1016 1764 1032 1842 ξ
1049 1768 1078 1828 8.
1100 1785 1144 1842 14·
1165 1769 1208 1827 16.
1226 1783 1274 1845 75.
1291 1765 1365 1848 81.],

220 1869 348 1944 legimus
371 1887 396 1928 c.
420 1867 463 1926 VI
483 1869 499 1939 §
520 1867 565 1938 16,
598 1868 650 1926 ubi
679 1868 720 1924 de
748 1883 866 1924 summo
895 1867 977 1924 bono
1008 1870 1148 1943 quaestio
1178 1869 1224 1928 fit:
1256 1863 1366 1942 ‘Quod

221 1970 367 2045 quoniam
388 1970 420 2027 in
446 1988 508 2046 quo
533 1969 570 2027 sit
598 1986 711 2042 magna
732 1968 885 2026 dissensio
915 1977 970 2038 est,
1003 1969 1176 2028 Carneadia
1198 1972 1287 2030 nobis
1311 1974 1366 2030 ad·

220 2070 357 2128 hibenda
383 2069 491 2128 divisio
520 2077 581 2140 est,
614 2086 675 2143 qua
707 2076 812 2126 noster
842 2069 1012 2128 Antiochus
1041 2071 1170 2128 libenter
1201 2071 1246 2129 uti
1279 2073 1365 2132 solet

219 2171 273 2228 Ille
302 2171 393 2246 igitur
414 2170 496 2240 vidit,
529 2188 592 2228 non
613 2170 707 2228 modo
730 2178 805 2246 quot
826 2170 954 2228 fuissent
982 2171 1084 2229 adhuc
1114 2171 1366 2248 philosophorum

221 2274 262 2331 de
290 2290 407 2331 summo
434 2273 528 2341 bono,
562 2273 619 2330 sed
649 2280 726 2348 quot
756 2272 880 2330 omnino
908 2290 976 2330 esse
1009 2282 1138 2348 possent
1170 2260 1366 2333 sententiae'.

222 2373 328 2447 Qualis
351 2372 442 2430 fuerit
469 2373 547 2431 haec
569 2371 737 2430 Carneadis
765 2373 882 2447 divisio,
917 2373 1052 2449 explicat
1080 2374 1228 2450 deinceps
1250 2375 1366 2432 Tullius

221 2476 294 2533 dum
321 2473 443 2532 disserit
473 2474 513 2532 de
540 2490 594 2538 eo,
627 2474 751 2548 quoda
779 2481 888 2532 natura
914 2474 946 2531 in
978 2474 1075 2549 primo
1102 2483 1171 2532 ortu
1204 2483 1368 2551 appetatur

221 2584 315 2650 atque
345 2573 438 2632 animi
468 2574 638 2650 appetitum
666 2575 765 2649 ipsum
794 2591 849 2650 per
878 2592 910 2632 se
941 2574 1048 2632 invitet
1074 2585 1105 2634 et
1132 2577 1259 2634 alliciat:
1283 2575 1366 2648 518.

222 2670 230 2692 ‘
252 2675 408 2750 Voluptatis
430 2675 480 2732 alii
496 2676 626 2750 primum
645 2675 813 2750 appetitum
827 2683 938 2751 putant
961 2684 993 2733 et
1007 2676 1135 2751 primam
1151 2677 1366 2753 depulsionem

221 2777 350 2850 doloris;
379 2776 549 2834 vacuantem
572 2771 702 2833 dolorz'rl
730 2777 779 2834 alii
802 2779 930 2835 censent
951 2777 1082 2852 primum
1105 2778 1232 2835 ascitam
1254 2786 1286 2835 et
1307 2778 1367 2853 pri·

221 2896 302 2935 mum
324 2877 513 2935 declinatum
534 2878 686 2951 dolorem3
714 2877 753 2934 ab
775 2877 811 2934 iis
833 2877 895 2946 alii,
918 2895 997 2953 quae
1013 2879 1115 2952 prima
1136 2879 1289 2935 secundum
1311 2897 1366 2934 na·

222 2985 320 3035 turam
341 2977 509 3047 nominant,
543 2977 782 3052 proficiscuntur,
809 2979 841 3036 in
864 2979 973 3054 quibus
996 2987 1158 3036 numerant
1179 2979 1367 3037 incolumita-

176 3065 178 3069 ’
221 3087 284 3137 tem
316 3079 644 3155 conservationemque
672 3079 807 3136 omnium
839 3079 980 3154 partium,
1011 3080 1227 3150 valetudinem,
1259 3097 1367 3138 sensus

220 3181 365 3256 integros,
398 3179 513 3238 doloris
539 3181 734 3255 vacuitatem,
765 3181 853 3252 vires,
885 3181 1151 3256 pulchritudinem,
1184 3189 1288 3239 cetera
1313 3199 1368 3256 ge·

221 3279 301 3338 neris
323 3279 470 3350 eiusdem,
509 3297 636 3355 quorum
661 3280 768 3339 similia
790 3290 860 3339 sunt
881 3281 978 3357 prima
1000 3282 1031 3338 iu
1054 3281 1170 3358 animis,
1204 3282 1290 3357 quasi
1312 3282 1368 3339 vir-

222 3389 319 3439 tutum
340 3380 462 3455 igniculi
484 3389 515 3438 et
537 3365 662 3440 semina.
706 3381 756 3440 Ex
777 3381 823 3440 his
845 3382 946 3452 tribus,
978 3401 1048 3441 cum
1068 3401 1162 3465 unum
1182 3383 1296 3458 aliquid
1318 3384 1369 3452 sit,

221 3499 283 3556 quo
312 3481 441 3556 primum
466 3489 574 3540 natura
599 3490 758 3540 moveatur
790 3483 837 3540 vel
869 3484 909 3540 ad
939 3485 1148 3559 appetendum
1177 3484 1224 3542 vel
1248 3485 1289 3541 ad
1322 3503 1369 3541 re·

221 3583 406 3658 pellendum,
433 3599 492 3640 nec
514 3583 677 3658 quicquam
699 3585 823 3642 omnino
845 3594 967 3660 praeter
988 3586 1067 3644 haec
1089 3587 1146 3643 tria
1167 3587 1264 3660 possit
1286 3590 1367 3652 esse',

221 3700 350 3741 necesse
373 3691 421 3740 est
436 3683 561 3741 omniuo
578 3683 710 3742 officium
726 3693 779 3742 aut
802 3685 940 3760 fugiendi
956 3694 1009 3742 aut
1031 3687 1182 3762 sequendi
1198 3687 1239 3743 ad
1261 3704 1369 3743 eorum

221 3782 336 3859 aliquid
366 3781 478 3852 referri,
512 3792 545 3841 ut
566 3785 617 3842 illa
640 3785 812 3859 prudentia,
847 3803 937 3860 quam
964 3795 1062 3844 artem
1083 3787 1163 3844 vitae
1199 3804 1269 3844 esse
1292 3787 1367 3843 dixi-

221 3900 297 3951 mus,
331 3881 362 3940 in
385 3900 489 3940 earum
512 3884 600 3941 trium
622 3902 721 3942 rerum
744 3885 845 3960 aliqua
868 3895 1014 3955 versetur,
1048 3907 1066 3946 a
1087 3905 1147 3963 qua
1169 3889 1264 3945 totius
1286 3887 1369 3944 vitae

222 3984 314 4042 ducat
341 3985 509 4044 exordium.
558 4001 601 4060 19.
625 3986 672 4043 Ex
706 4003 743 4044 eo
768 3995 881 4057 autem,
913 3990 999 4064 quod
1028 3990 1169 4048 statuerit
1194 4007 1274 4060 esse,
1307 4007 1367 4065 quo

222 4084 351 4160 primum
373 4093 481 4143 natura
495 4094 662 4156 moveatur,
683 4088 796 4145 existet
818 4087 893 4146 recti
916 4089 1007 4147 etiam
1028 4090 1107 4148 ratio
1123 4099 1224 4165 atque·
1238 4089 1371 4158 honesti,

225 4209 245 4214 ,-
254 4209 418 4216 -.-.-...—-..

320 4261 440 4332 1Inepte
458 4265 548 4316 Cicero
571 4267 646 4316 vertit
664 4264 825 4332 ἀοχλησίαν,
853 4283 912 4317 nam
930 4269 996 4318 haec
1014 4284 1065 4318 vox
1088 4269 1121 4318 ab
1140 4269 1274 4319 Antiocho
1292 4270 1367 4319 adhi-

222 4352 277 4403 bita
294 4360 340 4412 est,
359 4354 409 4404 nisi
429 4355 535 4404 omnino
553 4355 666 4418 neglexit
684 4355 801 4421 ipsorum
820 4355 1038 4422 philosophorum
1056 4357 1222 4408 definitiones
1243 4356 1286 4424 [τὸ
1306 4357 1370 4424 ἀοχ-

222 4439 314 4506 turne
333 4443 385 4506 ζῆν
404 4443 437 4493 cl.
456 4441 537 4494 Clem.
557 4443 637 4495 Alex.
651 4443 744 4494 Strom.
756 4445 785 4493 II
804 4442 933 4511 21,127.]
970 4445 1081 4496 Rectius
1100 4446 1198 4496 Seneca
1217 4446 1291 4511 epist.
1306 4449 1369 4507 92,6

223 4527 376 4594 ἀοχλησίαν
393 4537 469 4580 vocat
487 4531 606 4596 quietem,
629 4531 676 4580 ubi
695 4532 728 4581 ad
748 4533 855 4582 eandem
877 4533 945 4582 hanc
968 4533 1121 4583 divisionem
1139 4534 1256 4599 respicit.
1277 4562 1309 4570 -—
1330 4534 1369 4586 Cf.

222 4617 297 4668 Stob.
308 4618 403 4670 Ecl.lI
418 4633 445 4685 p.
463 4620 496 4670 60
510 4621 546 4671 H.
565 4632 643 4686 47‚19
660 4621 706 4674 W.
724 4621 864 4687 Augustiu.
884 4621 918 4678 de
936 4622 985 4674 civ.
1006 4621 1049 4674 dei
1067 4623 1137 4680 XIX
1153 4633 1163 4672 1
1189 4617 1259 4695 [vide
1277 4638 1303 4696 p.
1316 4621 1371 4697 42],
