3566 5406
852 532 1061 589 „40-

486 701 573 760 Idem
588 700 739 760 Stobaeus
762 699 892 758 servavit
917 697 1076 758 Iamblr'chi
1093 695 1168 774 περὶ
1187 698 1294 774 ψυχῆς
1317 699 1528 773 fragmentum,

387 805 418 862 in
441 821 502 880 quo
526 803 661 861 tabulam
683 801 886 876 agnoscimus.
909 801 973 858 Ecl.
999 799 1014 857 Ι
1033 819 1061 875 p.
1078 800 1139 874 916
1156 799 1210 859 H.:
1231 789 1315 876 ‘tropi
1335 801 1393 875 τῆς
1420 815 1528 860 κοινω-

387 901 458 979 νίας
486 904 544 979 τῆς
566 899 648 979 πρὸς
669 898 746 978 τοὺς
768 898 866 977 θεοὺς
891 901 958 963 τῶν
987 900 1100 977 ψυχῶν
1127 897 1242 974 γέγονέ
1268 917 1316 976 τις
1341 896 1529 976 διαμφισβή-

387 1017 488 1080 τησις,
512 1004 577 1065 τῶν
598 1001 656 1079 μὲν
675 998 838 1080 λεγόντοιν
860 997 1022 1063 ἀδύνατον
1046 997 1215 1077 μίγνυσθαι
1238 997 1334 1076 θεοὺς
1356 999 1426 1075 ταῖς
1440 1017 1531 1062 κατε-

387 1101 540 1182 χομέναις
561 1104 683 1181 ψυχαῖς
718 1100 753 1166 ἐν
774 1106 820 1184 τῷ
842 1099 977 1179 σῶματι,
1009 1102 1075 1163 τῶν
1108 1101 1144 1164 δὲ
1178 1097 1424 1178 διατεινομὲνων
1457 1097 1530 1177 μίαν

388 1202 467 1269 εἶναι
489 1203 599 1281 κοινὴν
619 1202 784 1268 πολιτείαν
804 1204 869 1266 τῶν
896 1202 1047 1280 καθαρῶν
1077 1204 1193 1280 ψυχῶν
1220 1200 1304 1280 πρὸς
1325 1199 1403 1278 τοὺς
1426 1198 1530 1279 θεούς,

388 1304 440 1368 καὶ
461 1303 489 1368 εἰ
509 1303 559 1369 δτι
581 1302 720 1382 μάλιστα
741 1302 866 1381 ἐντοῖς
887 1301 1018 1380 σώμασι
1040 1301 1276 1382 διατρίβουσιν·
1311 1299 1342 1364 οἱ
1374 1301 1410 1364 δὲ
1432 1298 1529 1364 οὐδὲν

387 1405 513 1470 τούτων
535 1407 770 1484 συγχωροῦσιν,
802 1403 907 1481 ὡςδὲ
929 1403 1027 1483 μέρος
1048 1403 1107 1481 τὴν
1138 1403 1245 1483 ψυχήν
1266 1416 1370 1482 φασιν
1391 1399 1472 1467 εἶναι
1494 1400 1530 1465 ἐν

389 1505 457 1589 ὅλῳ
482 1510 527 1591 τῷ
560 1508 643 1591 Ζῴιμ,
669 1504 700 1570 οἱ
728 1507 765 1570 δὲ
791 1504 837 1584 ῶς
869 1503 985 1583 τέχνην
1018 1504 1235 1584 ἐμπεφυκέναι
1266 1506 1336 1583 τοῖς
1368 1501 1529 1584 ὀργάνοις,

389 1605 501 1687 ὥσπερ
524 1605 551 1673 εἰ
572 1605 612 1686 ἦν
634 1605 780 1686 ἔμψυχος
792 1604 872 1685 οἴαξ,
892 1604 923 1669 ol
944 1605 981 1670 δὲ
1003 1605 1116 1685 μόνοις
1135 1604 1285 1684 δαίμοσιν
1305 1603 1393 1684 ἢκαὶ
1406 1602 1530 1696 ἥριυσιν

388 1825 422 1874 ad
441 1840 521 1876 unum
541 1832 567 1875 et
590 1825 662 1875 idem
685 1830 805 1891 spectare
831 1822 977 1882 videantur,
1005 1828 1032 1872 et
1054 1821 1137 1888 ipsius
1159 1822 1280 1874 Platonis
1303 1829 1333 1873 ut
1354 1823 1529 1890 πολυφώνου

388 1929 441 1963 non
458 1912 615 1968 πολυδὸξου
635 1913 672 1980 [ρ.
687 1913 720 1963 82
730 1914 765 1965 H.
784 1928 810 1980 p.
825 1922 867 1978 55,
878 1913 894 1962 6
905 1910 963 1977 W.]
980 1909 1146 1961 definitiones
1167 1912 1201 1961 ad
1221 1927 1298 1962 unam
1321 1913 1474 1976 redigantur
1494 1909 1530 1981 [e.

388 2017 414 2065 g.
432 2001 466 2053 cs.
485 2018 510 2068 p.
522 2001 557 2052 80
566 2003 602 2053 H.
624 2001 783 2068 54,10W.:
806 1999 929 2050 Platonis
948 1999 1105 2064 exlegibus
1129 2000 1258 2051 sententia
1277 2000 1406 2055 debonis
1428 2003 1529 2061 citatur,

388 2101 500 2156 quacum
518 2089 585 2139 aliae
602 2090 747 2139 'divisiones
766 2088 885 2138 eiusdem
904 2087 1023 2138 Platonis
1042 2093 1224 2154 comparantur
1242 2094 1269 2138 et
1287 2089 1407 2156 adicitur,
1429 2090 1452 2139 si
1470 2090 1530 2156 quis

389 2177 501 2228 aliorum
523 2173 746 2245 philosophorum
769 2177 820 2227 sibi
838 2183 936 2243 partem
955 2177 1105 2242 arripuerit:
1137 2175 1283 2243 ’δεύτερον
1301 2177 1332 2231 δὲ
1354 2177 1388 2231 τὸ
1408 2179 1440 2230 ἐκ
1461 2193 1530 2245 (ppo-
1558 2217 1564 2222 -

388 2265 498 2331 νήσευις
516 2268 562 2320 καὶ
584 2266 691 2332 ἡδονῆς
707 2265 852 2332 σύνθετον,
881 2265 951 2331 ὅπερ
971 2262 1054 2328 ἐνίοις
1076 2265 1153 2318 δοκῶ
1171 2263 1232 2317 κατ’
1252 2265 1339 2320 αὐτὸν
1363 2266 1433 2320 εἶναι
1450 2265 1531 2330 τέλος

388 2359 439 2418 τῆς
457 2351 637 2421 ἀνθρωπίνου
656 2353 742 2420 Ζαιῆς’
761 2368 882 2419 quacum
900 2353 1003 2403 ratione
1021 2351 1209 2403 ct.Tuscul.V
1220 2363 1262 2416 34,
1281 2353 1328 2404 ubi
1338 2355 1459 2404 Platonis
1477 2353 1531 2406 lo'ci

389 2444 509 2504 citantur,
535 2444 630 2510 quibus
648 2445 719 2494 Zeno
738 2443 841 2494 Stoicus
865 2442 931 2492 nihil
950 2444 1013 2493 novi
1036 2442 1135 2493 dixisse
1163 2439 1301 2510 probetur]
1325 2450 1352 2493 et
1373 2442 1440 2494 haec
1462 2443 1530 2494 ratio

388 2532 480 2582 nescio
503 2533 545 2583 cui
569 2532 652 2596 magis
675 2536 854 2582 consentanea
878 2531 913 2581 sit
931 2546 1008 2596 qnam
1026 2531 1172 2592 Antiocho,
1200 2547 1291 2581 omnes
1313 2530 1381 2582 tales
1403 2531 1480 2583 locos
1499 2546 1531 2582 ex

388 2620 463 2671 illius
482 2621 586 2687 scriptis
606 2634 665 2670 esse
685 2625 821 2685 excerptos
839 2634 992 2686 persuasum
1010 2619 1107 2670 habeo.
1142 2619 1292 2670 Antiochus
1308 2625 1402 2678 autem,
1425 2625 1454 2670 ut
1471 2635 1530 2685 pro·

389 2709 464 2759 haret
485 2709 641 2760 sententiam
660 2723 742 2769 suam,
761 2708 907 2768 Platonem,
926 2707 1112 2767 Academicos,
1130 2707 1320 2773 Peripateticos
1341 2707 1434 2758 eadem
1453 2707 1531 2758 docu-

388 2797 452 2863 isse,
470 2796 576 2848 Stoicos
594 2797 700 2848 nomina
719 2805 843 2856 mutasse,
863 2797 922 2846 sine
941 2796 1025 2847 dubio
1035 2796 1118 2847 libros
1137 2797 1250 2863 scripsit,
1268 2796 1295 2846 in
1311 2796 1408 2862 quibus
1424 2810 1457 2846 eo
1470 2812 1531 2846 con·

389 2884 451 2934 silio
469 2884 689 2952 philosophorum
708 2885 862 2951 disciplinas
882 2885 1013 2951 exposuit.
1051 2886 1135 2948 Quam
1149 2885 1183 2935 ad
1201 2900 1255 2935 rem
1272 2884 1403 2950 permulta
1421 2899 1453 2935 ex
1466 2883 1531 2934 alio-

388 2987 446 3022 rum
459 2972 536 3022 libris
557 2973 591 3023 ab
602 2973 738 3024 Antiocho
757 2973 913 3023 adverbum
932 2972 1065 3039 descripta
1080 2987 1146 3034 esse,
1166 2989 1224 3023 cum
1236 2973 1379 3023 verisimile
1396 2972 1439 3033 sit,
1458 2971 1531 3022 nulla

389 3074 417 3108 re
436 3059 594 3126 impedimur
606 3077 640 3111 ne
651 3061 746 3112 Arium
765 3075 797 3110 ex
816 3060 890 3110 illius
909 3060 985 3110 libris
1005 3043 1083 3111 etiam
1104 3077 1150 3110 eos
1169 3060 1243 3110 locos
1261 3060 1382 3110 hausisse
1400 3067 1530 3126 putemus,

388 3149 416 3199 in
435 3148 532 3214 quibus
550 3165 600 3200 nos
614 3150 781 3202 Antiochiam
799 3150 927 3200 rationem
939 3163 1101 3213 cognoscere
1120 3164 1174 3198 non
1192 3163 1341 3214 possumus.
1368 3148 1439 3198 Huic
1456 3163 1531 3198 meae

389 3237 535 3287 sententiae
552 3238 659 3289 minime
678 3239 772 3300 obstat,
794 3255 847 3305 quo
865 3238 958 3288 Hirzel
978 3238 1095 3289 offensus
1115 3244 1163 3297 est,
1188 3237 1261 3304 quod
1279 3238 1409 3288 interdum
1429 3244 1531 3288 senten·

388 3326 441 3376 tiae
459 3326 529 3377 inter
556 3342 585 3378 se
604 3328 782 3394 discrepantes
808 3326 851 3378 vel
877 3327 987 3377 iteratae
1012 3341 1072 3378 esse
1096 3327 1229 3379 videntur.
1248 3353 1281 3364 -
1300 3325 1475 3376 confirmatur
1500 3341 1531 3376 ea

389 3415 488 3465 talibus
506 3415 583 3475 locis,
601 3416 699 3483 quibus
717 3417 801 3482 capite
819 3417 918 3466 maiore
939 3417 1061 3467 conlecto
1081 3414 1217 3466 conclusio
1237 3415 1267 3465 fit
1278 3423 1308 3465 ut
1319 3431 1345 3482 p.
1359 3415 1408 3479 138
1419 3417 1454 3466 H.
1469 3415 1527 3479 78,1

282 3552 284 3556 ,
389 3503 449 3556 W.:
468 3503 566 3568 Δῆλον
584 3504 636 3558 οὖν
655 3504 686 3558 ἐκ
703 3504 824 3570 τούτων,
843 3504 887 3557 ὅτι
906 3502 1067 3570 ίσοδυναμεῑ
1084 3502 1131 3557 ’τὸ
1149 3503 1220 3556 κατὰ
1239 3503 1326 3569 φύσιν
1344 3503 1408 3569 ζῆν’
1426 3504 1471 3557 καλ
1489 3502 1531 3556 ‘ad

389 3593 482 3656 καλῶς
500 3592 564 3658 Ζῆν’
583 3594 628 3646 καὶ
645 3589 692 3645 ιτδ
712 3592 743 3646 εὖ
760 3592 823 3658 Ζῆν’
842 3594 887 3646 καὶ
904 3591 989 3647 πάλιν
1007 3592 1052 3645 ’τὸ
1072 3593 1157 3646 καλὸν
1172 3591 1310 3657 κάγαθόν’
1329 3593 1374 3645 καὶ
1392 3589 1423 3658 ‘tl
1444 3591 1529 3659 ἀρετὴ

390 3679 486 3733 καὶτὸ
505 3679 625 3746 μέτοχον
642 3679 772 3747 ἀρετῆς.
796 3681 842 3733 καὶ
860 3680 904 3734 ὅτι
922 3683 979 3734 πᾶν
997 3679 1104 3744 ἀγαθὸν
1122 3679 1217 3746 καλόν,
1240 3679 1344 3744 ὁμοίως
1362 3680 1393 3733 δὲ
1412 3681 1457 3733 καὶ
1475 3682 1532 3733 πᾶν

389 3766 505 3834 αἰσχρὸν
523 3768 627 3821 κακόν·
647 3768 682 3820 δι’
700 3767 716 3820 δ
735 3768 780 3821 καλ
798 3768 832 3821 τὸ
842 3767 969 3821 Στωικὸν
987 3768 1068 3832 τέλος
1089 3769 1155 3821 ίσον
1174 3767 1308 3821 δύνασθαι
1326 3771 1368 3834 τῷ
1388 3766 1448 3821 κατ’
1469 3767 1531 3834 ἀρε-

388 3857 442 3934 τὴν
461 3855 520 3926 βίῳ,
549 3857 595 3907 Ad
615 3857 727 3907 eundem
737 3857 901 3907 Antiochum
918 3857 1084 3908 referendum
1102 3857 1166 3906 mihi
1186 3857 1292 3906 videtur
1310 3856 1379 3906 illud
1398 3855 1531 3922 πολύφω·

388 3962 440 4000 νον
458 3948 529 4000 εἶναι
544 3944 694 4006 Πλάτωνα,
715 3945 748 3998 οὐ
767 3945 932 4011 πολύδοξον,
952 3942 995 4013 [ct.
1007 3945 1118 3996 Stob.H
1137 3945 1170 3996 68
1180 3946 1215 3996 H.
1234 3957 1278 4008 49,
1291 3956 1322 4010 25
1333 3943 1377 3997 W.
1397 3953 1424 3994 et
1442 3945 1476 3995 82
1494 3947 1529 3997 H.

390 4047 432 4103 55,
446 4048 459 4102 5
471 4034 527 4104 W.]
547 4044 573 4086 et
592 4036 652 4096 alia,
671 4037 705 4085 de
725 4036 821 4102 quibus
840 4035 873 4086 cs.
894 4035 986 4085 Hirzel
998 4037 1026 4085 H
1040 4036 1091 4099 837
1104 4051 1128 4084 n.
1151 4063 1184 4071 -
1203 4035 1272 4084 Nam
1294 4033 1331 4084 ita
1355 4033 1453 4083 dictum
1473 4049 1531 4083 esse

388 4124 421 4174 ab
443 4140 474 4174 eo
495 4125 642 4189 oportebat,
672 4125 718 4189 qni
736 4124 875 4174 Platonem
896 4123 987 4173 docuit
1005 4122 1146 4188 reliquisse
1162 4121 1395 4189 ‘perfectissimam
1414 4120 1531 4187 discipli·

389 4228 457 4278 narn,
476 4213 667 4278 Peripateticos
687 4218 713 4261 et
732 4212 919 4278 Academicos,
937 4211 1089 4261 nominibus
1109 4211 1269 4269 differentes,
1294 4225 1323 4260 re
1342 4208 1531 4272 congruentes’

390 4300 455 4367 [Cic.
465 4302 551 4353 Acad.
561 4303 589 4350 11
603 4300 656 4368 15],
675 4317 788 4367 quocum
802 4301 1097 4364 conferasAcad.117:
1117 4295 1250 4350 ‘Platonis
1264 4305 1350 4348 autern
1369 4298 1531 4355 auctoritate,

389 4390 435 4455 qui
453 4393 550 4439 varius
574 4396 600 4438 et
617 4392 761 4454 multiplex
780 4396 806 4439 et
825 4392 948 4455 copiosus
966 4389 1025 4447 tuit,
1050 4405 1106 4437 una
1130 4394 1156 4437 et
1179 4389 1346 4437 consentiens
1365 4386 1470 4435 duobus
1487 4401 1531 4435 νο·

389 4478 492 4529 cabulis
501 4479 692 4546 philosophiae
706 4479 791 4529 forma
803 4479 923 4529 instituta
942 4484 990 4537 est,
1008 4477 1228 4529 Academicorum
1240 4482 1266 4524 et
1276 4471 1531 4542 Peripateticorum'.

390 4595 422 4605 —
442 4565 514 4618 Vide
533 4566 616 4618 Gellii
636 4567 654 4616 1.
676 4583 698 4619 c.
717 4582 742 4632 p.
761 4577 805 4629 49.
