3566 5406
914 549 1121 595 ...Io-

444 720 503 781 tius
526 735 627 800 quam,
655 721 681 780 si
702 722 827 782 selectio
850 723 933 782 nulla
954 722 993 780 sit
1015 723 1054 780 ab
1079 723 1114 780 iis
1137 722 1238 796 rebus,
1267 738 1347 798 quae
1369 728 1477 780 contra
1500 727 1588 780 natu·

442 841 507 882 ram
529 823 598 894 sint,
629 840 733 880 earum
754 841 860 892 rerum,
896 839 977 898 quae
1005 823 1065 880 sint
1087 824 1258 881 secundum
1284 830 1432 892 naturam,
1466 823 1589 880 tollatur

442 925 541 983 omnis
563 941 611 991 ea,
634 940 712 999 quae
732 932 894 1000 quaeratur
909 924 1121 999 laudeturque‚
1143 919 1326 999 prudentia?
1348 921 1588 1000 Circumscriptis

441 1023 531 1098 igitur
552 1023 587 1082 iis
609 1025 778 1096 sententiis
810 1041 887 1101 quas
915 1023 1014 1100 posui,
1048 1031 1078 1084 et
1105 1024 1149 1092 iis,
1179 1023 1205 1081 si
1232 1040 1312 1100 quae
1340 1023 1450 1082 similes
1483 1041 1587 1082 earum

442 1135 522 1201 sunt,
552 1127 739 1204 relinquitur,
769 1135 803 1186 ut
825 1146 974 1186 summum
995 1129 1110 1186 bonum
1132 1128 1171 1186 sit
1191 1128 1290 1186 vivere
1312 1127 1474 1186 scientiam
1497 1123 1585 1184 adhi-

442 1228 567 1287 bentem
588 1246 691 1288 earum
717 1247 827 1306 rerum,
859 1246 938 1304 quae
964 1237 1074 1288 natura
1100 1229 1252 1300 eveniant,
1285 1229 1475 1304 seligentem,
1508 1243 1587 1302 quae

442 1330 613 1389 secundum
632 1338 780 1400 naturam,
804 1337 836 1388 et
858 1346 939 1405 quae
961 1336 1068 1388 contra
1089 1338 1231 1388 naturam
1252 1330 1321 1405 sint,
1348 1329 1534 1406 reicientem,
1555 1326 1588 1385 id

442 1441 500 1502 est,
521 1431 741 1492 convenienter
763 1437 1027 1506 congruenterque
1048 1438 1177 1488 naturae
1198 1416 1322 1492 vivere’.

539 1533 682 1592 Eandem
712 1540 805 1609 atque
832 1531 956 1590 tabulae
984 1531 1062 1589 illius
1086 1531 1268 1590 divisionem
1299 1532 1366 1607 quis
1395 1549 1459 1590 non
1480 1525 1586 1588 videt?

441 1635 549 1712 Neque
574 1633 737 1712 quicquam
769 1640 920 1692 mutatum
948 1639 995 1690 est
1022 1633 1081 1691 nisi
1106 1634 1192 1708 quod
1226 1651 1349 1705 eorum,
1381 1634 1433 1710 qui
1461 1632 1585 1690 omnino
1617 1617 1621 1621 ’

440 1735 587 1794 reiciendi
613 1735 683 1804 sint,
717 1733 823 1810 generi
848 1733 1027 1792 Academici
1058 1733 1188 1810 Sceptici
1215 1734 1351 1792 adiuncti
1379 1742 1459 1804 sunt,
1493 1740 1585 1808 atque

397 1891 401 1898 .
441 1837 550 1896 ceteris
582 1835 677 1895 Stoici
707 1843 942 1912 anteponuntur,
975 1852 1013 1893 eo
1037 1841 1140 1892 tamen
1171 1834 1310 1904 consilio,
1341 1844 1502 1894 uteorum
1523 1834 1584 1891 sin·

440 1938 531 2015 gulae
557 1937 751 1996 definitiones
778 1934 888 1994 summi
915 1935 988 1992 boni
1017 1935 1200 1994 commixtae
1229 1936 1424 1995 Academicis
1453 1933 1585 2010 antiquis

440 2039 537 2116 aptari
558 2039 678 2115 possint
699 2031 752 2114 [cf.
775 2035 880 2095 defin.
896 2035 941 2094 IV
961 2052 1012 2109 143
1035 2035 1140 2096 Hirzel
1154 2035 1185 2094 11
1207 2055 1237 2112 p.
1252 2035 1309 2094 611
1329 2054 1374 2112 sq.
1391 2045 1422 2096 et
1439 2037 1499 2110 623
1516 2033 1585 2111 sq.].

440 2141 533 2200 Unde
556 2138 663 2198 Cicero
686 2138 768 2196 hunc
790 2138 891 2195 locum
914 2133 1060 2214 sumpsit?
1096 2137 1142 2194 Ex
1164 2134 1349 2196 Hecatone?
1376 2137 1408 2197 Si
1429 2137 1489 2195 hoc
1512 2154 1585 2194 con·

441 2242 525 2300 cedis
555 2239 699 2310 Hirzelio,
731 2238 898 2297 dicendum
931 2238 984 2296 tibi
1016 2237 1088 2307 erit,
1120 2236 1315 2296 Hecatonem
1346 2238 1457 2296 eadem
1489 2245 1584 2314 atque

440 2340 626 2400 Antiochum
648 2339 797 2398 divisione
827 2338 1048 2396 sententiarum
1069 2355 1158 2396 usum
1185 2355 1267 2408 esse,
1298 2346 1330 2396 et
1356 2339 1468 2397 eodem
1488 2339 1583 2396 modo

440 2443 598 2520 Scepticos
627 2458 665 2496 ex
685 2437 938 2515 philosophorum
966 2455 1082 2496 corona
1103 2438 1271 2496 exclusisse
1299 2446 1331 2496 et
1352 2439 1454 2514 ipsum
1479 2439 1585 2515 volup-

440 2552 536 2604 tatem
557 2535 608 2622 [cf.
630 2539 707 2616 517,
730 2538 831 2598 Hirzel
852 2556 882 2616 p.
902 2531 977 2616 587]
999 2538 1123 2596 omnino
1146 2538 1296 2600 reiecisse.
1319 2569 1359 2580 -
1381 2539 1461 2597 Fieri
1475 2539 1584 2616 potuit.

442 2677 478 2690 --
503 2644 582 2702 Fieri
608 2642 710 2718 potuit
738 2648 773 2698 ut
798 2639 920 2698 Hecato
942 2638 1087 2697 Antiochi
1115 2639 1207 2698 libros
1236 2639 1434 2700 exscriberet.
1458 2671 1495 2682 -
1520 2639 1583 2698 Sed

440 2746 503 2805 veri
524 2746 613 2804 valde
635 2750 683 2800 est
702 2741 855 2800 dissimile.
899 2740 1002 2818 Atque
1023 2741 1124 2812 miror,
1158 2741 1244 2816 quod
1264 2739 1366 2798 Hirzel
1388 2739 1582 2800 Hecatonem

440 2845 607 2918 attraxerit,
629 2843 777 2920 cumipse
799 2860 869 2900 eum
884 2841 1024 2900 ordinem
1042 2858 1196 2918 cognosse
1215 2841 1365 2910 videatur,
1381 2859 1443 2918 quo
1464 2841 1495 2899 hi
1517 2843 1581 2899 duo

439 2949 505 3008 libri
529 2947 576 3006 III
598 2955 630 3005 et
650 2944 695 3003 IV
724 2943 878 3003 coniuncti
904 2943 973 3004 sint.
1021 2941 1166 3000 Probavit
1193 2942 1274 3000 enim
1300 2942 1332 3000 in
1354 2943 1430 3001 libro
1447 2942 1491 3000 111
1518 2961 1583 3002 ma·

438 3069 530 3127 gnam
543 3054 661 3125 partem
672 3044 875 3104 recentiorum
885 3043 1056 3102 Stoicorum
1070 3042 1244 3118 disciplinas
1256 3043 1380 3102 tractari
1395 3041 1440 3120 [p.
1451 3043 1510 3117 582
1521 3043 1580 3121 sq]

439 3167 569 3228 eamque
584 3147 798 3208 tractationem
815 3145 966 3222 praestrui
982 3147 1023 3204 ad
1035 3145 1232 3221 quaestiones
1246 3144 1312 3202 libri
1326 3143 1372 3202 IV
1388 3143 1500 3220 [p.624
1512 3138 1582 3222 sq.],

438 3262 502 3313 tum
522 3253 554 3310 in
574 3249 619 3307 HI
643 3250 684 3308 de
714 3247 839 3324 singulis
872 3247 962 3305 rebus
995 3246 1093 3304 varias
1125 3245 1294 3303 sententias
1327 3253 1581 3304 commemoratas

439 3372 509 3414 esse
532 3351 575 3428 [p.
599 3350 661 3424 580
674 3343 732 3427 sq]
756 3379 797 3390 -
820 3345 938 3419 Quibus
961 3346 1115 3406 concessis
1139 3363 1196 3404 nos
1220 3363 1289 3404 cum
1309 3353 1432 3405 constet
1453 3347 1485 3405 in
1506 3346 1581 3406 libro

438 3455 484 3515 IV
506 3451 618 3512 defin.
640 3448 835 3527 Antiochum,
858 3449 943 3506 cuius
966 3448 1059 3506 etiam
1082 3447 1214 3522 catalogi
1236 3446 1417 3523 particulam
1438 3455 1471 3506 et
1492 3448 1581 3505 vesti·

437 3556 487 3633 gia
508 3554 622 3613 ibidem
644 3549 911 3628 deprehendimus,
940 3566 960 3606 a
980 3547 1128 3608 Cicerone
1149 3547 1284 3624 exprimi,
1312 3564 1376 3606 non
1398 3548 1581 3625 dubitamus,

438 3657 511 3734 quin
534 3663 567 3713 et
587 3653 663 3712 liber
683 3652 729 3710 111
750 3652 790 3709 de
811 3649 862 3710 fin.
890 3668 929 3708 ex
948 3649 1094 3708 Antiochi
1115 3649 1233 3727 scriptis
1254 3649 1369 3725 petitus
1391 3651 1439 3720 sit,
1470 3651 1580 3726 quibus

437 3757 581 3817 historica
614 3755 749 3831 quadam
780 3753 898 3812 ratione
926 3753 1096 3812 Stoicorum
1129 3751 1288 3827 disciplina
1321 3753 1515 3812 tractabatur.
1540 3784 1579 3792 -

436 3859 584 3918 Uberiore
614 3866 717 3916 autem
754 3875 823 3917 cum
857 3874 935 3934 opus
968 3857 1007 3915 sit
1046 3857 1250 3934 explicatione
1283 3865 1315 3915 ut
1345 3853 1457 3913 Hirzeli
1490 3870 1579 3930 argu·

436 3969 541 4021 menta
574 3958 744 4028 reiciantur,
777 3958 838 4017 hoc
868 3960 935 4018 loco
965 3965 1083 4017 tantum
1115 3958 1287 4030 contendo,
1318 3955 1477 4014 verisimile
1509 3971 1579 4012 esse

437 4061 619 4122 Ciceronem
640 4079 678 4118 ex
700 4059 781 4118 libris
802 4059 945 4118 Antiochi
966 4058 1104 4118 hausisse
1126 4053 1177 4136 [cs.
1203 4055 1286 4138 §36,
1319 4057 1371 4116 ubi
1396 4057 1508 4116 eadem
1534 4055 1579 4114 di-

436 4163 511 4223 visio
532 4164 581 4222 illa
603 4155 790 4238 adhibetur],
812 4162 843 4218 in
866 4162 973 4238 quibus
995 4161 1045 4219 ille
1068 4161 1182 4219 eodem
1202 4161 1306 4234 modo,
1332 4176 1424 4235 quem
1445 4157 1480 4216 in¹
1498 4157 1579 4216 Aca·

436 4265 574 4334 demicis,
596 4280 687 4340 quem
709 4262 741 4320 in
763 4262 905 4338 catalogo
927 4260 1175 4338 philosophorum
1198 4260 1423 4336 cognoscimus,
1446 4259 1487 4317 de
1500 4257 1580 4317 Stoi·

437 4384 541 4430 corum
563 4365 724 4441 disciplina
745 4365 973 4422 dissereret-
998 4364 1084 4439 quod
1105 4363 1130 4420 si
1155 4380 1261 4437 negas,
1283 4370 1401 4420 certum
1423 4376 1492 4418 esse
1513 4358 1578 4416 He·

437 4475 579 4526 catonem
608 4485 646 4523 ex
677 4464 821 4524 Antiochi
846 4465 926 4523 libris
961 4483 1024 4523 non
1056 4464 1123 4542 alia,
1157 4472 1189 4522 at
1219 4470 1302 4522 certe
1335 4462 1470 4520 tabulam
1496 4460 1578 4518 illam

436 4567 561 4646 petisse.
