3566 5406
875 493 1083 536 ...22-

505 666 522 737 ἓ
542 663 599 723 116
622 661 830 740 dispositionis
853 663 1022 721 servandae
1044 680 1146 740 causa,
1177 672 1211 720 ut
1232 662 1304 730 dixi,
1327 669 1548 720 commemorat

407 767 523 825 Tullius
546 773 683 841 quartam
705 765 853 839 virtutem,
881 772 915 821 ut
938 763 1038 821 statim
1059 770 1203 839 properet
1225 764 1266 819 ad
1289 763 1434 821 Antiochi
1455 763 1544 822 tabu-

406 869 475 937 lam,
509 885 568 945 qua
598 867 726 924 libenter
755 883 824 922 eum
851 881 939 922 usum
966 882 1036 922 esse
1061 865 1201 923 vidimus.
1231 895 1273 905 -—
1294 864 1458 940 Impugnat
1481 864 1548 922 Ari·

406 971 548 1045 stippum,
572 967 761 1043 Cyrenaicos,
781 965 971 1035 Annicerios,
995 965 1158 1041 Epicurum
1180 964 1312 1038 [41164
1335 965 1547 1024 Metrodorum

407 1065 599 1148 [§117]‚-
622 1064 1228 1142 tumCalliphontemetDinomachum
1251 1060 1356 1140 §1192
1389 1059 1458 1142 ‘qui
1481 1085 1549 1125 cum

406 1170 550 1230 honestat
506 1179 569 1229 e
592 1172 728 1248 volupta
729 1187 786 1245 em,
820 1178 977 1244 tamquam
1003 1186 1071 1226 cum
1098 1168 1220 1226 homine
1241 1168 1394 1244 pecudem
1421 1168 1546 1242 copula·

408 1258 547 1334 vissent.
591 1271 698 1329 Habes
730 1270 929 1351 voluptariam
951 1278 1070 1344 partem
1100 1268 1248 1343 catalogi;
1281 1277 1401 1328 eeteros
1431 1267 1546 1329 differt:

406 1366 529 1448 §119‘
538 1375 595 1431 sed
610 1371 781 1430 dehoc-
803 1389 915 1446 magna
931 1371 1011 1428 enim
1034 1389 1081 1428 res
1105 1378 1209 1428 est-
1231 1369 1289 1428 alio
1305 1369 1374 1427 loco
1396 1369 1547 1444 pluribus:

409 1491 490 1532 nunc
512 1475 553 1532 ad
574 1465 786 1551 propositum.
810 1467 912 1545 Quid?
934 1472 976 1529 ad
996 1465 1205 1548 propositum?
1227 1469 1372 1529 Nondum
1395 1471 1437 1530 ad
1458 1471 1549 1530 finem

406 1571 621 1649 pervenimus?

504 1675 599 1746 §120
617 1669 734 1748 ‘Quem
763 1675 805 1732 ad
826 1675 952 1731 modum
974 1673 1073 1747 igitur,
1102 1673 1126 1730 si
1149 1673 1275 1749 quando
1298 1691 1437 1749 eaquae
1463 1674 1548 1731 vide·

406 1783 454 1834 tur
485 1777 608 1846 utilitas,
642 1776 798 1836 honestati
776 1784 985 1852 t,repugnat
1019 1775 1217 1834 diiudicanda
1250 1791 1298 1834 res
1333 1774 1372 1832 sit
1400 1775 1472 1832 satis
1501 1783 1548 1832 est

406 1894 496 1952 supra
518 1878 715 1953 disputatum.
758 1877 810 1936 Sin
841 1885 944 1936 autem
966 1876 1100 1953 speciem
1127 1875 1236 1933 utilitat
1192 1875 1262 1933 tatis
1286 1874 1380 1932 etiam
1409 1874 1548 1952 voluptas

406 1978 519 2036 habere
539 1978 667 2048 dicetur,
699 1978 784 2036 nulla
805 1984 908 2053 potest
933 1994 1002 2034 esse
1030 1977 1059 2034 ei
1079 1994 1149 2034 cum
1175 1975 1338 2034 honestate
1307 1975 1548 2036 tconiunctio.

405 2078 540 2136 Namt
507 2087 540 2136 ut
563 2080 727 2137 tribuamus
750 2079 864 2155 aliquid
886 2077 1033 2189 voluptat
1025 2095 1043 2149 ι,
1076 2077 1266 2135 condimenti
1288 2075 1347 2132 fort
1335 2083 1417 2134 atsse
1440 2077 1549 2134 nonni·

406 2179 456 2248 hil,
479 2180 613 2239 utilitatis
636 2189 720 2238 certe
743 2180 814 2237 nihil
835 2165 983 2238 habebit'.
1011 2178 1076 2236 Iam
1097 2177 1286 2253 propositum
1308 2177 1464 2252 expletum
1487 2174 1546 2236 est!

407 2280 587 2339 Brevissime
609 2298 689 2338 nova
716 2298 785 2356 pars
809 2280 930 2338 confect
918 2288 951 2338 ta
979 2287 1036 2350 est,
1070 2296 1163 2356 quam
1185 2277 1323 2337 Graecus
1350 2278 1549 2354 philosophus

406 2381 471 2438 sine
494 2382 588 2440 dubio
610 2383 756 2441 maiorem
779 2381 922 2442 fecit.—
943 2383 1088 2440 Fortasse
1111 2398 1148 2437 ex
1179 2398 1216 2437 eo
1239 2380 1323 2457 quod
1346 2379 1453 2438 Cicero
1476 2398 1549 2439 con-

406 2482 488 2540 fecta
509 2483 721 2560 dispositione,
749 2501 841 2560 quam
862 2483 928 2559 ipse
951 2482 1022 2558 §96
1045 2481 1213 2558 proposuit,
1244 2499 1281 2538 ex
1283 2489 1380 2539 tremo
1402 2481 1476 2539 libro
1495 2499 1548 2539 vo-

408 2583 506 2659 luptat
508 2601 556 2640 em
578 2593 610 2642 at
612 2584 690 2662 tigit,
722 2583 753 2641 in
755 2584 857 2660 tellegi
886 2592 989 2660 potest
1017 2583 1094 2641 ratio
1116 2582 1268 2659 Antiochi,
1302 2582 1353 2658 qui
1375 2591 1463 2640 ett
1429 2581 1549 2640 Stoicos

408 2693 440 2741 et
461 2684 629 2760 Epicureos
652 2685 901 2744 refutaverit-
862 2685 1084 2762 -Reliquum
1106 2691 1153 2741 est
1176 2691 1210 2741 ut
1234 2700 1471 2741 commemorem
1493 2685 1550 2741 vir·

407 2785 478 2842 tutis
499 2785 680 2844 divisionem
711 2786 752 2844 de
774 2787 824 2846 off.
839 2785 938 2858 1141
928 2801 973 2862 1‚7
1003 2803 1083 2862 quae
1105 2785 1208 2844 adhuc
1235 2793 1381 2860 quantum
1407 2785 1472 2843 scio
1493 2804 1547 2842 ne·

404 2887 505 2960 glecta
538 2905 606 2944 esse
641 2889 723 2945 videt
724 2883 790 2948 url.
840 2888 974 2964 Appono
1007 2886 1124 2945 Eudori
1157 2886 1382 2944 divisioneme
1384 2886 1485 2945 thicae
1519 2893 1551 2944 et

409 2986 548 3045 Senecae
571 3005 619 3064 ep
635 2987 757 3064 8q,14.

405 3163 495 3215 Senec
515 3178 555 3228 ep
568 3161 680 3212 X1V1
697 3159 752 3230 [89]
840 3199 894 3251 cre
915 3200 947 3250 de
965 3200 1007 3252 off.
1026 3199 1109 3252 1118
1201 3197 1551 3264 stob.E.011148H42W.

424 3248 440 3319 ᾗ
462 3264 493 3314 14
513 3252 555 3302 ed.
574 3250 729 3301 Buecheler

440 3355 581 3424 [moralem
633 3353 752 3422 partem]
834 3355 939 3405 Etenim
964 3354 1046 3403 virtus
1065 3352 1150 3403 omnis
1236 3351 1322 3406 Ταῦτ’
1359 3354 1434 3407 ἐστὶν
1469 3353 1551 3419 ἁδρο-

404 3459 482 3510 quam
499 3445 527 3493 in
544 3445 592 3494 tria
608 3460 697 3494 rursus
717 3445 754 3493 di·
800 3445 921 3494 trihusin
934 3444 1013 3493 rebus
1030 3441 1085 3490 sere
1095 3456 1150 3489 ver
1203 3445 1271 3508 μερῆ
1291 3444 1343 3507 τῆς
1364 3440 1462 3507 ἠθικῆς
1481 3439 1550 3506 εἴδη,

397 3531 459 3586 ,vidi
480 3532 587 3598 placuit,
612 3539 641 3582 ιι(
663 3536 753 3597 prima
800 3533 862 3581 titur
890 3547 999 3598 quarum
1028 3545 1080 3578 una
1111 3534 1152 3578 est
1200 3533 1341 3596 πρῶτον
1372 3530 1422 3595 μὲν
1445 3529 1480 3582 τὸ
1507 3532 1550 3582 θε-

405 3627 476 3670 esset
512 3620 640 3686 inspectio
679 3636 753 3670 suum
800 3620 828 3668 in
844 3619 1035 3685 perspiciendo,
1048 3617 1150 3682 quidin
1201 3616 1322 3670 άσασθαι
1339 3617 1393 3682 τὴν
1410 3615 1488 3672 ἀξίαν
1500 3620 1551 3670 τοι)

405 3707 498 3773 cuique
533 3708 693 3758 distribuens
727 3714 753 3759 et
800 3723 904 3773 quaque
930 3722 959 3756 re
982 3720 1072 3755 verum
1101 3705 1150 3754 sin·
1201 3705 1381 3772 πράγματος,
1413 3705 1482 3772 ὅπερ
1511 3703 1551 3758 αἱ·

404 3796 542 3845 aestimans
563 3805 660 3861 quanto
679 3798 753 3863 quid·
801 3810 939 3859 cetumque
954 3794 995 3852 sit,
1012 3793 1077 3858 quid
1091 3808 1151 3843 con·
1200 3796 1308 3860 ρεῖσθαι
1326 3793 1470 3860 μέλλομεν,
1485 3793 1552 3846 οὐδὲ

403 3883 626 3948 quedignumsit,
641 3886 753 3937 maxime
801 3889 951 3933 sentaneum
979 3882 1086 3947 cuique,
1118 3897 1149 3930 ex
1201 3879 1255 3947 γὰρ
1281 3879 1397 3934 οἷόντε
1421 3880 1552 3945 γενέσθαι

403 3971 476 4022 utile
508 3972 573 4037 quid
608 3972 678 4021 enim
714 3980 754 4023 est
800 3988 852 4037 quo
868 3985 989 4037 quaeque
1000 3977 1110 4033 grgnan
1111 3985 1149 4029 ur
1200 3968 1254 4033 τὴν
1278 3967 1368 4034 ὁρμὴν
1394 3969 1512 4033 εὔλογον
1529 3966 1553 4021 εἰ

404 4065 455 4108 tam
481 4059 657 4109 necessarium
675 4075 753 4125 quam
800 4075 866 4124 quae
883 4059 1008 4124 cuiusque
1023 4058 1058 4108 rei
1074 4074 1151 4107 causa
1202 4057 1239 4122 μὴ
1257 4056 1326 4122 μετὰ
1344 4057 1397 4122 τὴν
1417 4054 1551 4122 θεωρίαν·

402 4147 483 4213 pretia
504 4147 584 4196 rebus
608 4145 754 4212 inponere?
801 4147 845 4206 sit,
879 4149 997 4196 alterum
1026 4145 1150 4196 cohibere
1201 4144 1346 4212 ἡθεωρῑα
1368 4144 1459 4199 δ’ἐστὶ
1476 4143 1551 4212 περί-

403 4237 522 4284 secunda
542 4235 575 4285 de
593 4235 699 4301 impetu,
720 4236 753 4284 de
799 4241 884 4284 motus
916 4234 993 4283 animi
1024 4233 1150 4300 turbatos,
1202 4246 1300 4299 σκεψις
1317 4237 1368 4287 τοῦ
1387 4227 1553 4300 πρᾶγματος

503 4421 574 4476 ¹Cs.
592 4423 682 4473 Hirzel
699 4425 770 4488 11p.
788 4434 839 4488 503
852 4440 900 4490 sq„
930 4425 974 4490 qui
1004 4423 1072 4474 hunc
1098 4424 1184 4475 locum
1213 4424 1414 4491 praetermisisse
1442 4425 1552 4484 videtur,

405 4512 498 4579 etsip.
520 4512 687 4580 512,1eius
705 4513 805 4565 mentio
824 4513 861 4567 fit.
