3566 5406
692 529 896 590 ..ΖΓ

223 727 316 785 quem
329 714 363 766 ut
380 721 421 763 ex
436 702 589 764 Ciceronis
604 702 685 761 libris
700 709 804 777 potest
826 696 969 775 intellegi,
993 696 1133 754 adhibuit
1147 703 1256 786 auctor
1270 693 1367 754 Grae·

225 828 289 876 cus,
311 807 488 868 Antiochus.

595 901 612 1050 1
654 903 874 980 Xenophanes,

416 1007 552 1068 Eleatici.
655 1004 862 1064 Parmenides.

597 1051 612 1201 Ι
656 1107 750 1166 Zen0.

414 1224 596 1300 Megaricus.
658 1222 813 1284 Euclides

417 1326 598 1386 Eretriacus.
660 1324 873 1385 Menedemus

659 1423 784 1502 Pyrrho.

660 1525 777 1585 Erillus.

660 1626 772 1684 Ariste.

660 1724 862 1787 Democritus

660 1823 857 1906 (Arcesilaus)
881 1828 1060 1887 Academici
1081 1830 1216 1906 quidam.

379 2148 501 2207 tabulae
523 2148 642 2208 inserti:
666 2147 845 2224 Aristippus.

707 2247 874 2324 Cyrenaici.

707 2348 867 2407 Annicerii.

706 2449 863 2525 Epicurus.

709 2544 943 2628 (Metrodorus).

668 2649 816 2726 Callipho

709 2750 926 2837 Dinomachus.

668 2850 880 2928 Hieronymus.

668 2953 832 3014 Diodorus.

669 3053 846 3113 Carneades
870 3050 1059 3132 [disserendi
1081 3056 1200 3131 causa].

669 3155 770 3215 Stoici.

668 3257 802 3334 Antiqui.

334 3372 426 3430 Hune
440 3374 613 3449 catalogum
635 3374 660 3432 si
682 3375 870 3445 consideras,
892 3392 996 3433 nonne
1014 3373 1121 3432 mirum
1137 3373 1268 3440 videtur,
1291 3373 1376 3446 quod

235 3474 302 3550 ipse
324 3473 412 3532 Plato
434 3472 544 3533 deest?
574 3475 654 3533 Nam
676 3477 701 3534 si
723 3477 864 3553 antiquos
891 3477 922 3535 id
946 3485 995 3533 est
1016 3475 1220 3533 Academicos
1243 3480 1274 3530 et
1296 3471 1378 3530 Peri-

235 3577 387 3650 pateticos
411 3578 559 3644 nominat,
583 3576 699 3635 Tullius
716 3586 835 3635 tantum
850 3577 1063 3654 Speusippum,
1088 3576 1296 3643 Polemonem,
1312 3574 1378 3631 Ari·

237 3677 389 3745 stotelem,
423 3675 680 3754 Theophrastum,
719 3679 925 3736 Xenocratem
951 3684 1121 3736 enumerat.
1175 3675 1295 3734 Revera
1322 3691 1378 3732 no·

236 3777 317 3833 mine
340 3777 462 3835 adiecto
485 3778 622 3836 Platonis
644 3778 739 3854 ipsius
768 3772 998 3836 definitionem1
1029 3777 1137 3834 frustra
1166 3777 1197 3834 iu
1221 3751 1377 3834 Ciceronis

237 3877 354 3952 scriptis
376 3879 518 3954 quaesivi.
563 3878 764 3937 Proficiscitur
796 3881 835 3938 ab
858 3898 895 3937 ea
922 3887 989 3937 tota
1022 3877 1184 3954 explicatio
1216 3877 1281 3934 libri
1302 3877 1316 3933 1
1338 3878 1379 3934 de

238 3978 307 4054 leg,
330 3980 387 4036 sed
409 3979 476 4055 ipsa
497 3999 561 4037 non
583 3982 683 4042 datur.

338 4079 439 4155 Atque
466 4081 491 4138 si
516 4082 641 4139 nomina
666 4081 917 4158 philosophorum
938 4098 957 4138 a
980 4078 1127 4139 Cicerone
1156 4080 1248 4137 allata
1277 4079 1379 4137 consi·

238 4180 389 4248 deramus,
411 4179 545 4256 singulos
567 4182 755 4239 inveniemus
777 4199 929 4259 nusquam
949 4182 1123 4239 nominatos
1148 4197 1216 4238 esse
1240 4180 1298 4236 nisi
1320 4179 1377 4237 illis

238 4280 323 4348 locis,
346 4281 454 4356 quibus
470 4280 640 4339 Antiochus
663 4282 818 4340 adhibitus
840 4288 897 4340 est.
934 4282 981 4341 Ita
994 4280 1116 4356 Pyrrho,
1132 4279 1249 4348 Erillus,
1265 4279 1376 4348 Ariste,

338 4477 349 4516 ¹
367 4478 515 4547 Ὀμοῑωσις
532 4483 589 4550 θεῷ
612 4478 683 4534 κατὰ
701 4479 735 4533 τὸ
755 4477 887 4546 botoron
918 4479 951 4532 cl.
969 4479 1018 4531 Ar.
1037 4479 1100 4530 Did.
1122 4495 1163 4546 ap.
1183 4478 1256 4530 Stob.
1275 4477 1334 4530 Ecl.
1352 4479 1380 4528 11

240 4573 273 4638 64
286 4575 322 4625 H.
341 4585 385 4635 49,
399 4571 415 4620 8
429 4571 475 4624 W.
