3566 5406
880 513 1087 574 ..26-

413 692 638 775 [praetermitto
660 697 701 756 de
728 699 811 758 deor.
841 706 904 757 nat.
924 699 993 775 137
1009 699 1051 758 111
1068 694 1129 778 71]‚
1162 699 1311 778 Callipho
1338 701 1556 773 Dinomachus,

412 800 568 857 Diodorus
592 793 632 876 [si
654 799 767 876 excipis
790 801 830 857 de
852 808 926 859 orat.
943 797 1060 874 1451],
1081 802 1234 873 Euclides,
1256 803 1459 862 Menedemus
1474 823 1492 862 a
1508 803 1558 863 Ci-

412 918 525 958 cerone
552 917 709 976 nunquam
740 901 798 957 nisi
828 918 865 957 ex
887 901 1030 960 Antiochi
1060 902 1141 960 libris
1171 913 1356 978 promuntur.
1399 904 1456 963 His
1489 906 1556 963 adi-

413 1002 540 1058 ciendus
564 1008 611 1058 est
642 1002 709 1075 ipse
741 999 868 1059 Polemo
900 1011 939 1071 et,
972 1003 997 1060 si
1025 1004 1223 1079 praeterimus
1252 1006 1491 1064 narratiunculas
1515 1007 1555 1065 de

413 1102 525 1160 invent.
541 1100 570 1160 II
588 1099 646 1176 176
678 1101 718 1158 de
750 1102 832 1159 deor.
859 1109 921 1160 nat.
943 1102 986 1159 111
1009 1116 1045 1178 77
1086 1113 1118 1161 et
1150 1122 1245 1163 unum
1273 1105 1374 1164 locum
1406 1107 1446 1164 de
1468 1107 1556 1168 off.I

417 1201 485 1277 148,
505 1203 678 1284 Socraticus
700 1201 878 1278 Aristippus.

457 1299 462 1308 '
512 1303 632 1362 Scilicet
652 1303 701 1360 ille
729 1304 898 1378 catalogus,
933 1322 1024 1380 quem
1047 1323 1085 1363 ex
1107 1305 1263 1365 Ciceronis
1290 1307 1442 1382 excerptis
1470 1307 1557 1365 resti·

413 1405 535 1473 tuimus‚
567 1404 689 1462 minime
715 1405 886 1480 integeret
919 1408 1033 1466 solidus
1061 1417 1117 1466 est.
1169 1407 1426 1466 Concludendum
1452 1410 1555 1484 potius

414 1514 462 1564 est
484 1523 523 1562 ex
544 1507 687 1563 ruderum
709 1507 910 1582 dispositione
931 1517 963 1566 et
984 1510 1112 1579 ratione,
1141 1527 1233 1584 quam
1254 1510 1427 1586 perspicere
1448 1527 1556 1585 possu-

415 1625 492 1677 mus,
523 1606 658 1664 omnium
685 1615 833 1682 quantum
858 1606 922 1665 fieri
945 1609 1045 1684 potuit
1079 1609 1327 1686 philosophorum
1359 1611 1552 1669 definitiones

316 1754 319 1758 .
414 1708 523 1767 summi
544 1707 617 1765 boni
638 1705 791 1766 aGraeco
814 1716 938 1766 auctore
960 1717 1106 1768 tractatas
1129 1709 1228 1768 fuisse.
1271 1711 1308 1768 In
1328 1711 1430 1787 primis
1451 1719 1553 1769 autem

415 1809 619 1867 recentiorum
651 1807 902 1885 philosophorum
931 1818 965 1867 ut
1003 1810 1181 1869 Stoicorum
1212 1820 1245 1869 et
1283 1811 1556 1887 Peripateticorum

416 1910 581 1968 sententias
606 1908 740 1984 pluribus
772 1909 864 1968 fuisse
899 1911 1065 1987 explicatas
1099 1921 1131 1969 et
1163 1921 1315 1971 correctas
1348 1914 1395 1971 vel
1426 1913 1557 1971 maxime

415 2012 574 2069 verisimile
602 2019 658 2068 est.
701 2011 809 2086 Itaque
838 2030 902 2069 non
934 2009 1033 2069 errare
1054 2030 1107 2098 nme
1137 2021 1224 2088 puto,
1257 2014 1282 2071 si
1315 2022 1349 2072 ut
1379 2014 1477 2092 quarti
1514 2012 1557 2070 ita

416 2113 496 2170 tertii
518 2113 559 2170 de
579 2112 627 2170 fin.
642 2113 707 2170 libri
729 2122 872 2188 excerpta
894 2130 932 2170 ex
943 2113 1084 2171 Antiochi
1105 2114 1188 2172 libris
1209 2133 1352 2174 manasse
1374 2131 1554 2192 persuasum

415 2213 526 2271 habeo.

517 2643 605 2718 Quae
628 2645 668 2704 de
683 2643 823 2721 catalogo
845 2644 1093 2721 philosophorum
1113 2663 1132 2702 a
1147 2641 1294 2703 Cicerone
1319 2648 1433 2707 tradito
1455 2652 1557 2710 adhuc

418 2744 624 2816 disseruimus,
648 2746 864 2805 confirmantur
884 2754 917 2804 et
938 2747 1116 2822 probantur,
1149 2747 1174 2803 si
1196 2749 1455 2809 considerabimus
1478 2753 1556 2810 duos

417 2846 511 2916 locos,
544 2847 653 2922 quibus
686 2848 844 2922 catalogus
873 2847 1133 2922 philosophorum,
1166 2865 1243 2923 quos
1271 2857 1393 2923 praeter
1422 2852 1556 2911 tabulam

416 2947 498 3005 illam
527 2956 720 3006 enumeratos
753 2966 823 3007 esse
856 2949 1001 3016 vidimuS,
1035 2949 1160 3006 multum
1190 2957 1327 3023 augetur.
1380 2951 1558 3010 Traduntur

418 3053 499 3110 enim
522 3053 694 3111 sententiae
716 3052 968 3128 philosophorum
989 3053 1030 3109 de
1059 3052 1282 3110 summobono
1305 3059 1336 3109 et
1358 3071 1377 3111 a
1400 3052 1558 3113 Clemente

417 3153 635 3222 Alexandrino
669 3153 777 3214 Strom.
800 3153 899 3223 1121,
923 3168 990 3229 127.
1012 3172 1040 3228 p.
1061 3151 1117 3228 178
1141 3154 1170 3212 S.
1190 3167 1251 3227 495
1275 3152 1307 3210 P.
1325 3169 1382 3229 ²27
1408 3154 1502 3214 Dind.
1526 3165 1558 3214 et

418 3273 436 3312 a
458 3254 669 3324 Theodoret0,
704 3255 812 3313 Graec.
836 3255 934 3314 affect.
958 3273 1020 3315 cur.
1041 3254 1085 3312 XI
1106 3273 1134 3329 p.
1151 3253 1209 3329 983
1235 3254 1301 3312 Sch.
1324 3264 1345 3314 t.
1363 3255 1407 3313 IV
1430 3275 1459 3333 p.
1479 3273 1555 3333 1093

417 3354 460 3414 M.
483 3373 512 3431 p.
527 3369 587 3428 415
605 3355 642 3416 G.
669 3387 703 3396 -
730 3353 815 3426 Quos
843 3357 926 3414 locos
956 3357 1035 3413 inter
1065 3373 1098 3414 se
1127 3363 1358 3431 comparaturus
1391 3355 1558 3416 Clementis

418 3456 557 3513 ordinem
579 3472 698 3532 sequor,
731 3475 795 3514 non
816 3458 901 3533 quod
925 3456 1035 3514 rectior
1065 3456 1103 3513 sit
1130 3473 1222 3531 quam
1244 3455 1434 3516 Theodoreti
1457 3491 1495 3500 -
1515 3460 1559 3518 ab

417 3564 546 3632 utroque
569 3557 650 3614 enim
671 3559 862 3632 perturbatus
884 3566 932 3616 est
951 3560 1028 3616 ordo
1051 3588 1091 3598 —
1113 3558 1171 3615 sed
1193 3558 1278 3634 quod
1300 3559 1422 3617 uberior
1444 3562 1560 3619 catalo-

417 3675 474 3732 gus
499 3657 577 3715 illius
606 3665 662 3720 est.
707 3657 807 3730 Quem
835 3659 902 3734 ipse
923 3658 1139 3717 Theodoretus
1170 3667 1293 3716 secutus
1321 3666 1378 3728 est,
1412 3661 1489 3718 ordo
1511 3660 1561 3719 hic

419 3766 481 3820 est:
520 3775 545 3818 1.
566 3759 725 3834 Epicurus,
759 3775 786 3820 2.
809 3760 1011 3831 Democritus,
1042 3777 1069 3835 3.
1091 3758 1272 3830 Heraclitus,
1306 3777 1335 3833 4.
1359 3760 1559 3837 Pythagoras,

419 3874 448 3934 5.
469 3858 655 3937 Hecataeus
683 3858 713 3918 6.
737 3861 947 3930 Antisthenes,
968 3837 1007 3937 ¹7.
1032 3861 1243 3936 Anaxagoras,
1272 3859 1300 3920 8.
1322 3859 1420 3928 Plato,
1443 3879 1471 3936 9.
1493 3861 1560 3919 Ari-

419 3961 555 4030 stoteles,
582 3975 628 4020 10.
653 3961 755 4031 Stoici,
782 3977 827 4023 11.
851 3962 1010 4038 Epicurus.

516 4059 626 4138 Neque
654 4062 713 4121 loci
747 4063 809 4120 Arii
831 4063 963 4138 Didymi,
996 4063 1047 4139 qui
1072 4062 1245 4138 pertineant
1272 4061 1416 4120 adhunc
1445 4064 1561 4121 catalo-

417 4178 500 4237 gum,
533 4164 798 4237 praetermittendi
820 4172 905 4234 sunt;
939 4164 980 4223 ad
998 4181 1075 4240 quos
1099 4163 1213 4233 confer,
1247 4180 1325 4238 quae
1349 4164 1390 4220 de
1412 4163 1474 4221 Arii
1496 4163 1560 4240 epi·

418 4268 504 4319 toma
525 4263 587 4321 dixi
608 4283 638 4341 p.
662 4280 703 4340 39
725 4284 754 4324 n.
781 4282 805 4326 1.

517 4457 529 4496 ¹
551 4461 683 4526 Quantum
696 4463 795 4514 Cicero
808 4463 924 4514 inlibris
943 4465 1063 4516 oratoriis
1074 4465 1201 4515 Antiochi
1217 4465 1303 4516 libros
1316 4464 1475 4523 adhibuerit,
1495 4464 1561 4516 alias

419 4550 563 4605 videndum
584 4550 640 4602 erit.
