<?xml version="1.0" encoding="UTF-8"?>
<!DOCTYPE html PUBLIC "-//W3C//DTD XHTML 1.0 Transitional//EN"
    "http://www.w3.org/TR/xhtml1/DTD/xhtml1-transitional.dtd">
<html xmlns="http://www.w3.org/1999/xhtml" xml:lang="en" lang="en">
 <head>
  <title>
</title>
<meta http-equiv="Content-Type" content="text/html;charset=utf-8" />
  <meta name='ocr-system' content='tesseract 3.04.00' />
  <meta name='ocr-capabilities' content='ocr_page ocr_carea ocr_par ocr_line ocrx_word'/>
</head>
<body>
  <div class='ocr_page' id='page_1' title='image "./deantiochoascal00hoyegoog_0061.png"; bbox 0 0 3566 5406; ppageno 0'>
   <div class='ocr_carea' id='block_1_1' title="bbox 901 561 1109 626">
    <p class='ocr_par' dir='ltr' id='par_1_1' title="bbox 901 561 1109 626">
     <span class='ocr_line' id='line_1_1' title="bbox 901 561 1109 626; baseline -0.014 -30"><span class='ocrx_word' id='word_1_1' title='bbox 901 561 1109 626; x_wconf 47' lang='grc' dir='ltr'>..ὀμ</span> 
     </span>
    </p>
   </div>
   <div class='ocr_carea' id='block_1_2' title="bbox 433 731 1580 1619">
    <p class='ocr_par' dir='ltr' id='par_1_2' title="bbox 433 731 1580 1619">
     <span class='ocr_line' id='line_1_2' title="bbox 433 731 1580 812; baseline -0.003 -18"><span class='ocrx_word' id='word_1_2' title='bbox 433 732 527 794; x_wconf 87' lang='lat' dir='ltr'>ticum</span> <span class='ocrx_word' id='word_1_3' title='bbox 547 733 604 793; x_wconf 90' lang='lat' dir='ltr'>sed</span> <span class='ocrx_word' id='word_1_4' title='bbox 622 733 790 811; x_wconf 86' lang='lat' dir='ltr'><strong>principem</strong></span> <span class='ocrx_word' id='word_1_5' title='bbox 813 736 1065 812; x_wconf 85' lang='lat' dir='ltr'>theosophorum.</span> <span class='ocrx_word' id='word_1_6' title='bbox 1111 736 1171 794; x_wconf 90' lang='lat' dir='ltr'>Hic</span> <span class='ocrx_word' id='word_1_7' title='bbox 1204 735 1395 812; x_wconf 85' lang='lat' dir='ltr'><strong>theosophus</strong></span> <span class='ocrx_word' id='word_1_8' title='bbox 1430 732 1494 809; x_wconf 81' lang='lat' dir='ltr'>suit,</span> <span class='ocrx_word' id='word_1_9' title='bbox 1528 731 1580 810; x_wconf 90' lang='lat' dir='ltr'>qui</span> 
     </span>
     <span class='ocr_line' id='line_1_3' title="bbox 435 834 1578 912; baseline -0.001 -19"><span class='ocrx_word' id='word_1_10' title='bbox 435 835 582 912; x_wconf 86' lang='lat' dir='ltr'>patefecit</span> <span class='ocrx_word' id='word_1_11' title='bbox 619 835 797 909; x_wconf 82' lang='lat' dir='ltr'><strong>religionem</strong></span> <span class='ocrx_word' id='word_1_12' title='bbox 833 855 902 895; x_wconf 90' lang='lat' dir='ltr'>cum</span> <span class='ocrx_word' id='word_1_13' title='bbox 923 845 1050 896; x_wconf 86' lang='lat' dir='ltr'>naturae</span> <span class='ocrx_word' id='word_1_14' title='bbox 1073 839 1250 912; x_wconf 84' lang='lat' dir='ltr'>cognitione</span> <span class='ocrx_word' id='word_1_15' title='bbox 1273 838 1408 896; x_wconf 89' lang='lat' dir='ltr'>iunctam</span> <span class='ocrx_word' id='word_1_16' title='bbox 1441 834 1520 909; x_wconf 92' lang='lat' dir='ltr'>[Cic.</span> <span class='ocrx_word' id='word_1_17' title='bbox 1537 835 1578 892; x_wconf 91' lang='lat' dir='ltr'>de</span> 
     </span>
     <span class='ocr_line' id='line_1_4' title="bbox 436 932 1578 1013; baseline -0.002 -18"><span class='ocrx_word' id='word_1_18' title='bbox 436 937 496 996; x_wconf 88' lang='lat' dir='ltr'>div.</span> <span class='ocrx_word' id='word_1_19' title='bbox 512 937 526 992; x_wconf 93' lang='lat' dir='ltr'>l</span> <span class='ocrx_word' id='word_1_20' title='bbox 541 934 580 993; x_wconf 88' lang='lat'>86</span> <span class='ocrx_word' id='word_1_21' title='bbox 595 945 628 992; x_wconf 89' lang='lat' dir='ltr'>et</span> <span class='ocrx_word' id='word_1_22' title='bbox 643 935 674 994; x_wconf 92' lang='lat' dir='ltr'>II</span> <span class='ocrx_word' id='word_1_23' title='bbox 705 936 787 1011; x_wconf 79' lang='lat' dir='ltr'>14q]‚</span> <span class='ocrx_word' id='word_1_24' title='bbox 821 939 872 1013; x_wconf 92' lang='lat' dir='ltr'>qui</span> <span class='ocrx_word' id='word_1_25' title='bbox 901 939 1094 996; x_wconf 89' lang='lat' dir='ltr'>desideratus</span> <span class='ocrx_word' id='word_1_26' title='bbox 1127 947 1174 996; x_wconf 88' lang='lat' dir='ltr'>est</span> <span class='ocrx_word' id='word_1_27' title='bbox 1203 958 1223 998; x_wconf 94' lang='lat' dir='ltr'>a</span> <span class='ocrx_word' id='word_1_28' title='bbox 1250 938 1413 996; x_wconf 83' lang='lat' dir='ltr'>Lactantio</span> <span class='ocrx_word' id='word_1_29' title='bbox 1442 937 1501 994; x_wconf 89' lang='lat' dir='ltr'>VH</span> <span class='ocrx_word' id='word_1_30' title='bbox 1522 932 1578 1012; x_wconf 85' lang='lat'>71:</span> 
     </span>
     <span class='ocr_line' id='line_1_5' title="bbox 438 1033 1580 1117; baseline 0 -22"><span class='ocrx_word' id='word_1_31' title='bbox 438 1033 555 1096; x_wconf 87' lang='lat' dir='ltr'>‘Facile</span> <span class='ocrx_word' id='word_1_32' title='bbox 579 1045 630 1094; x_wconf 91' lang='lat' dir='ltr'>est</span> <span class='ocrx_word' id='word_1_33' title='bbox 648 1045 752 1094; x_wconf 91' lang='lat' dir='ltr'>autem</span> <span class='ocrx_word' id='word_1_34' title='bbox 775 1039 897 1117; x_wconf 88' lang='lat' dir='ltr'>docere,</span> <span class='ocrx_word' id='word_1_35' title='bbox 918 1057 1018 1115; x_wconf 89' lang='lat' dir='ltr'>paene</span> <span class='ocrx_word' id='word_1_36' title='bbox 1040 1039 1210 1098; x_wconf 88' lang='lat' dir='ltr'>universam</span> <span class='ocrx_word' id='word_1_37' title='bbox 1231 1041 1388 1098; x_wconf 88' lang='lat' dir='ltr'>veritatem</span> <span class='ocrx_word' id='word_1_38' title='bbox 1410 1055 1467 1114; x_wconf 86' lang='lat' dir='ltr'>per</span> <span class='ocrx_word' id='word_1_39' title='bbox 1482 1037 1580 1114; x_wconf 91' lang='lat' dir='ltr'>philo·</span> 
     </span>
     <span class='ocr_line' id='line_1_6' title="bbox 437 1137 1580 1217; baseline 0 -21"><span class='ocrx_word' id='word_1_40' title='bbox 437 1137 552 1214; x_wconf 88' lang='lat' dir='ltr'>sophos</span> <span class='ocrx_word' id='word_1_41' title='bbox 574 1145 606 1195; x_wconf 90' lang='lat' dir='ltr'>et</span> <span class='ocrx_word' id='word_1_42' title='bbox 628 1145 729 1196; x_wconf 89' lang='lat' dir='ltr'>sectas</span> <span class='ocrx_word' id='word_1_43' title='bbox 753 1156 822 1196; x_wconf 89' lang='lat' dir='ltr'>esse</span> <span class='ocrx_word' id='word_1_44' title='bbox 845 1139 972 1197; x_wconf 89' lang='lat' dir='ltr'>divisam</span> <span class='ocrx_word' id='word_1_45' title='bbox 987 1184 994 1196; x_wconf 93' lang='lat'><strong>.</strong></span> <span class='ocrx_word' id='word_1_46' title='bbox 1009 1139 1080 1197; x_wconf 93' lang='lat' dir='ltr'>Non</span> <span class='ocrx_word' id='word_1_47' title='bbox 1101 1140 1183 1198; x_wconf 91' lang='lat' dir='ltr'>enim</span> <span class='ocrx_word' id='word_1_48' title='bbox 1204 1141 1249 1198; x_wconf 90' lang='lat' dir='ltr'>sic</span> <span class='ocrx_word' id='word_1_49' title='bbox 1277 1138 1502 1217; x_wconf 85' lang='lat' dir='ltr'>philosophiam</span> <span class='ocrx_word' id='word_1_50' title='bbox 1523 1155 1580 1196; x_wconf 93' lang='lat' dir='ltr'>nos</span> 
     </span>
     <span class='ocr_line' id='line_1_7' title="bbox 439 1239 1579 1317; baseline 0 -21"><span class='ocrx_word' id='word_1_51' title='bbox 439 1239 609 1309; x_wconf 86' lang='lat' dir='ltr'>evertimus,</span> <span class='ocrx_word' id='word_1_52' title='bbox 646 1247 681 1296; x_wconf 90' lang='lat' dir='ltr'>ut</span> <span class='ocrx_word' id='word_1_53' title='bbox 703 1239 881 1298; x_wconf 75' lang='lat' dir='ltr'>Academici</span> <span class='ocrx_word' id='word_1_54' title='bbox 909 1241 1018 1313; x_wconf 88' lang='lat' dir='ltr'>solent,</span> <span class='ocrx_word' id='word_1_55' title='bbox 1047 1241 1156 1314; x_wconf 88' lang='lat' dir='ltr'>quibus</span> <span class='ocrx_word' id='word_1_56' title='bbox 1182 1242 1224 1298; x_wconf 91' lang='lat' dir='ltr'>ad</span> <span class='ocrx_word' id='word_1_57' title='bbox 1254 1240 1356 1298; x_wconf 87' lang='lat' dir='ltr'>omnia</span> <span class='ocrx_word' id='word_1_58' title='bbox 1390 1240 1579 1317; x_wconf 90' lang='lat' dir='ltr'>respondere</span> 
     </span>
     <span class='ocr_line' id='line_1_8' title="bbox 436 1340 1579 1418; baseline 0 -22"><span class='ocrx_word' id='word_1_59' title='bbox 436 1340 624 1416; x_wconf 89' lang='lat' dir='ltr'>propositum</span> <span class='ocrx_word' id='word_1_60' title='bbox 653 1349 713 1418; x_wconf 87' lang='lat' dir='ltr'>est,</span> <span class='ocrx_word' id='word_1_61' title='bbox 745 1341 830 1417; x_wconf 90' lang='lat' dir='ltr'>quod</span> <span class='ocrx_word' id='word_1_62' title='bbox 858 1349 906 1399; x_wconf 88' lang='lat' dir='ltr'>est</span> <span class='ocrx_word' id='word_1_63' title='bbox 926 1341 1029 1416; x_wconf 91' lang='lat' dir='ltr'>potius</span> <span class='ocrx_word' id='word_1_64' title='bbox 1064 1341 1239 1400; x_wconf 89' lang='lat' dir='ltr'>calumniari</span> <span class='ocrx_word' id='word_1_65' title='bbox 1272 1347 1305 1400; x_wconf 86' lang='lat' dir='ltr'>et</span> <span class='ocrx_word' id='word_1_66' title='bbox 1338 1341 1478 1398; x_wconf 87' lang='lat' dir='ltr'>illudere:</span> <span class='ocrx_word' id='word_1_67' title='bbox 1523 1341 1579 1398; x_wconf 90' lang='lat' dir='ltr'>sed</span> 
     </span>
     <span class='ocr_line' id='line_1_9' title="bbox 435 1441 1578 1519; baseline 0.001 -21"><span class='ocrx_word' id='word_1_68' title='bbox 435 1442 592 1519; x_wconf 85' lang='lat' dir='ltr'>docemus,</span> <span class='ocrx_word' id='word_1_69' title='bbox 621 1441 734 1499; x_wconf 92' lang='lat' dir='ltr'>nullam</span> <span class='ocrx_word' id='word_1_70' title='bbox 757 1450 873 1500; x_wconf 90' lang='lat' dir='ltr'>sectam</span> <span class='ocrx_word' id='word_1_71' title='bbox 895 1441 989 1500; x_wconf 87' lang='lat' dir='ltr'>fuisse</span> <span class='ocrx_word' id='word_1_72' title='bbox 1011 1449 1074 1499; x_wconf 88' lang='lat' dir='ltr'>tam</span> <span class='ocrx_word' id='word_1_73' title='bbox 1090 1442 1220 1516; x_wconf 90' lang='lat' dir='ltr'>deviam,</span> <span class='ocrx_word' id='word_1_74' title='bbox 1251 1459 1308 1500; x_wconf 92' lang='lat' dir='ltr'>nec</span> <span class='ocrx_word' id='word_1_75' title='bbox 1329 1441 1578 1517; x_wconf 89' lang='lat' dir='ltr'>philosophorum</span> 
     </span>
     <span class='ocr_line' id='line_1_10' title="bbox 436 1542 1578 1619; baseline 0 -19"><span class='ocrx_word' id='word_1_76' title='bbox 436 1559 621 1618; x_wconf 88' lang='lat' dir='ltr'>quemquam</span> <span class='ocrx_word' id='word_1_77' title='bbox 643 1551 706 1600; x_wconf 90' lang='lat' dir='ltr'>tam</span> <span class='ocrx_word' id='word_1_78' title='bbox 726 1543 858 1616; x_wconf 79' lang='lat' dir='ltr'>inane&#39;m,</span> <span class='ocrx_word' id='word_1_79' title='bbox 881 1544 934 1619; x_wconf 90' lang='lat' dir='ltr'>qui</span> <span class='ocrx_word' id='word_1_80' title='bbox 955 1560 1019 1600; x_wconf 92' lang='lat' dir='ltr'>non</span> <span class='ocrx_word' id='word_1_81' title='bbox 1051 1543 1159 1600; x_wconf 90' lang='lat' dir='ltr'>viderit</span> <span class='ocrx_word' id='word_1_82' title='bbox 1189 1543 1305 1618; x_wconf 88' lang='lat' dir='ltr'>aliquid</span> <span class='ocrx_word' id='word_1_83' title='bbox 1327 1561 1365 1600; x_wconf 89' lang='lat' dir='ltr'>ex</span> <span class='ocrx_word' id='word_1_84' title='bbox 1386 1559 1469 1603; x_wconf 88' lang='lat' dir='ltr'>vero.</span> <span class='ocrx_word' id='word_1_85' title='bbox 1515 1542 1578 1600; x_wconf 90' lang='lat' dir='ltr'>Sed</span> 
     </span>
    </p>
   </div>
   <div class='ocr_carea' id='block_1_3' title="bbox 340 1643 1575 1718">
    <p class='ocr_par' dir='ltr' id='par_1_3' title="bbox 340 1643 1575 1718">
     <span class='ocr_line' id='line_1_11' title="bbox 340 1643 1575 1718; baseline -0.001 -17"><span class='ocrx_word' id='word_1_86' title='bbox 340 1677 345 1683; x_wconf 87' lang='lat'>·</span> <span class='ocrx_word' id='word_1_87' title='bbox 435 1645 508 1701; x_wconf 89' lang='lat' dir='ltr'>dum</span> <span class='ocrx_word' id='word_1_88' title='bbox 520 1644 751 1701; x_wconf 85' lang='lat' dir='ltr'>contradicendi</span> <span class='ocrx_word' id='word_1_89' title='bbox 772 1645 875 1702; x_wconf 88' lang='lat' dir='ltr'>studio</span> <span class='ocrx_word' id='word_1_90' title='bbox 898 1643 1063 1718; x_wconf 87' lang='lat' dir='ltr'>insaniunt,</span> <span class='ocrx_word' id='word_1_91' title='bbox 1087 1643 1161 1700; x_wconf 89' lang='lat' dir='ltr'>dum</span> <span class='ocrx_word' id='word_1_92' title='bbox 1184 1661 1239 1702; x_wconf 92' lang='lat' dir='ltr'>sua</span> <span class='ocrx_word' id='word_1_93' title='bbox 1254 1644 1346 1702; x_wconf 87' lang='lat' dir='ltr'>etiam</span> <span class='ocrx_word' id='word_1_94' title='bbox 1368 1643 1445 1702; x_wconf 83' lang='lat' dir='ltr'>falsa</span> <span class='ocrx_word' id='word_1_95' title='bbox 1467 1643 1575 1701; x_wconf 84' lang='lat' dir='ltr'>defen·</span> 
     </span>
    </p>
   </div>
   <div class='ocr_carea' id='block_1_4' title="bbox 369 1744 1657 2731">
    <p class='ocr_par' dir='ltr' id='par_1_4' title="bbox 369 1744 1657 2731">
     <span class='ocr_line' id='line_1_12' title="bbox 435 1744 1574 1822; baseline 0 -21"><span class='ocrx_word' id='word_1_96' title='bbox 435 1745 521 1817; x_wconf 78' lang='lat' dir='ltr'>dum,</span> <span class='ocrx_word' id='word_1_97' title='bbox 550 1744 676 1802; x_wconf 91' lang='lat' dir='ltr'>aliorum</span> <span class='ocrx_word' id='word_1_98' title='bbox 699 1745 791 1802; x_wconf 89' lang='lat' dir='ltr'>etiam</span> <span class='ocrx_word' id='word_1_99' title='bbox 812 1763 884 1802; x_wconf 89' lang='lat' dir='ltr'>vera</span> <span class='ocrx_word' id='word_1_100' title='bbox 906 1745 1097 1802; x_wconf 88' lang='lat' dir='ltr'>subvertunt:</span> <span class='ocrx_word' id='word_1_101' title='bbox 1133 1761 1196 1802; x_wconf 89' lang='lat' dir='ltr'>non</span> <span class='ocrx_word' id='word_1_102' title='bbox 1230 1753 1347 1804; x_wconf 88' lang='lat' dir='ltr'>tantum</span> <span class='ocrx_word' id='word_1_103' title='bbox 1381 1746 1487 1822; x_wconf 90' lang='lat' dir='ltr'>elapsa</span> <span class='ocrx_word' id='word_1_104' title='bbox 1519 1746 1574 1803; x_wconf 91' lang='lat' dir='ltr'>illis</span> 
     </span>
     <span class='ocr_line' id='line_1_13' title="bbox 434 1845 1578 1924; baseline -0.001 -22"><span class='ocrx_word' id='word_1_105' title='bbox 434 1847 545 1913; x_wconf 79' lang='lat' dir='ltr'>ueritas</span> <span class='ocrx_word' id='word_1_106' title='bbox 567 1854 624 1920; x_wconf 83' lang='lat' dir='ltr'>est,</span> <span class='ocrx_word' id='word_1_107' title='bbox 647 1863 739 1922; x_wconf 92' lang='lat' dir='ltr'>quam</span> <span class='ocrx_word' id='word_1_108' title='bbox 763 1863 797 1904; x_wconf 90' lang='lat' dir='ltr'>se</span> <span class='ocrx_word' id='word_1_109' title='bbox 824 1863 972 1924; x_wconf 88' lang='lat' dir='ltr'>quaerere</span> <span class='ocrx_word' id='word_1_110' title='bbox 1000 1845 1194 1917; x_wconf 88' lang='lat' dir='ltr'>simulabant,</span> <span class='ocrx_word' id='word_1_111' title='bbox 1217 1847 1275 1904; x_wconf 89' lang='lat' dir='ltr'>sed</span> <span class='ocrx_word' id='word_1_112' title='bbox 1299 1846 1357 1922; x_wconf 91' lang='lat' dir='ltr'>ipsi</span> <span class='ocrx_word' id='word_1_113' title='bbox 1381 1864 1450 1906; x_wconf 86' lang='lat' dir='ltr'>eam</span> <span class='ocrx_word' id='word_1_114' title='bbox 1482 1845 1578 1920; x_wconf 88' lang='lat' dir='ltr'>potis·</span> 
     </span>
     <span class='ocr_line' id='line_1_14' title="bbox 383 1932 1576 2025; baseline -0.003 -19"><span class='ocrx_word' id='word_1_115' title='bbox 383 1967 387 1974; x_wconf 93' lang='lat'>·</span> <span class='ocrx_word' id='word_1_116' title='bbox 434 1949 543 2007; x_wconf 87' lang='lat' dir='ltr'>simum</span> <span class='ocrx_word' id='word_1_117' title='bbox 565 1967 622 2007; x_wconf 90' lang='lat' dir='ltr'>suo</span> <span class='ocrx_word' id='word_1_118' title='bbox 648 1949 720 2007; x_wconf 88' lang='lat' dir='ltr'>vitio</span> <span class='ocrx_word' id='word_1_119' title='bbox 742 1950 953 2025; x_wconf 90' lang='lat' dir='ltr'>perdiderunt.</span> <span class='ocrx_word' id='word_1_120' title='bbox 979 1948 1074 2021; x_wconf 88' lang='lat' dir='ltr'>Quod</span> <span class='ocrx_word' id='word_1_121' title='bbox 1097 1949 1122 2006; x_wconf 91' lang='lat' dir='ltr'>si</span> <span class='ocrx_word' id='word_1_122' title='bbox 1145 1949 1211 2023; x_wconf 92' lang='lat' dir='ltr'>quis</span> <span class='ocrx_word' id='word_1_123' title='bbox 1223 1947 1403 2016; x_wconf 85' lang='lat' dir='ltr'>exstitisset,</span> <span class='ocrx_word' id='word_1_124' title='bbox 1427 1932 1478 2024; x_wconf 84' lang='lat' dir='ltr'>qui</span> <span class='ocrx_word' id='word_1_125' title='bbox 1500 1946 1576 2004; x_wconf 83' lang='lat' dir='ltr'>veri·</span> 
     </span>
     <span class='ocr_line' id='line_1_15' title="bbox 433 2046 1577 2125; baseline -0.003 -19"><span class='ocrx_word' id='word_1_126' title='bbox 433 2058 531 2108; x_wconf 86' lang='lat' dir='ltr'>tatem</span> <span class='ocrx_word' id='word_1_127' title='bbox 561 2067 698 2125; x_wconf 88' lang='lat' dir='ltr'>sparsam</span> <span class='ocrx_word' id='word_1_128' title='bbox 727 2067 782 2124; x_wconf 85' lang='lat' dir='ltr'>per</span> <span class='ocrx_word' id='word_1_129' title='bbox 809 2050 944 2125; x_wconf 88' lang='lat' dir='ltr'>singulos</span> <span class='ocrx_word' id='word_1_130' title='bbox 979 2049 1183 2125; x_wconf 86' lang='lat' dir='ltr'>diffusamque</span> <span class='ocrx_word' id='word_1_131' title='bbox 1210 2064 1265 2123; x_wconf 91' lang='lat' dir='ltr'>per</span> <span class='ocrx_word' id='word_1_132' title='bbox 1292 2055 1392 2106; x_wconf 88' lang='lat' dir='ltr'>sectas</span> <span class='ocrx_word' id='word_1_133' title='bbox 1419 2046 1577 2122; x_wconf 86' lang='lat' dir='ltr'>colligeret</span> 
     </span>
     <span class='ocr_line' id='line_1_16' title="bbox 433 2150 1577 2226; baseline -0.002 -20"><span class='ocrx_word' id='word_1_134' title='bbox 433 2151 463 2207; x_wconf 93' lang='lat' dir='ltr'>in</span> <span class='ocrx_word' id='word_1_135' title='bbox 485 2168 579 2208; x_wconf 91' lang='lat' dir='ltr'>unum</span> <span class='ocrx_word' id='word_1_136' title='bbox 610 2168 648 2209; x_wconf 93' lang='lat' dir='ltr'>ac</span> <span class='ocrx_word' id='word_1_137' title='bbox 669 2152 822 2225; x_wconf 86' lang='lat' dir='ltr'>redigeret</span> <span class='ocrx_word' id='word_1_138' title='bbox 856 2153 888 2208; x_wconf 92' lang='lat' dir='ltr'>in</span> <span class='ocrx_word' id='word_1_139' title='bbox 917 2168 1039 2226; x_wconf 89' lang='lat' dir='ltr'>corpus,</span> <span class='ocrx_word' id='word_1_140' title='bbox 1060 2151 1085 2208; x_wconf 93' lang='lat' dir='ltr'>is</span> <span class='ocrx_word' id='word_1_141' title='bbox 1107 2151 1244 2226; x_wconf 83' lang='lat' dir='ltr'>prolecto</span> <span class='ocrx_word' id='word_1_142' title='bbox 1266 2167 1329 2207; x_wconf 90' lang='lat' dir='ltr'>non</span> <span class='ocrx_word' id='word_1_143' title='bbox 1361 2150 1577 2206; x_wconf 88' lang='lat' dir='ltr'>dissentireta</span> 
     </span>
     <span class='ocr_line' id='line_1_17' title="bbox 435 2250 1657 2327; baseline -0.007 -19"><span class='ocrx_word' id='word_1_144' title='bbox 435 2252 533 2311; x_wconf 80' lang='lat' dir='ltr'>nobis,</span> <span class='ocrx_word' id='word_1_145' title='bbox 581 2250 644 2309; x_wconf 89' lang='lat' dir='ltr'>Sed</span> <span class='ocrx_word' id='word_1_146' title='bbox 666 2251 725 2309; x_wconf 91' lang='lat' dir='ltr'>hoc</span> <span class='ocrx_word' id='word_1_147' title='bbox 746 2270 838 2309; x_wconf 91' lang='lat' dir='ltr'>nemo</span> <span class='ocrx_word' id='word_1_148' title='bbox 860 2251 962 2310; x_wconf 84' lang='lat' dir='ltr'>facere</span> <span class='ocrx_word' id='word_1_149' title='bbox 985 2252 1042 2309; x_wconf 88' lang='lat' dir='ltr'>nisi</span> <span class='ocrx_word' id='word_1_150' title='bbox 1066 2252 1127 2309; x_wconf 88' lang='lat' dir='ltr'>veri</span> <span class='ocrx_word' id='word_1_151' title='bbox 1149 2252 1262 2327; x_wconf 89' lang='lat' dir='ltr'>peritus</span> <span class='ocrx_word' id='word_1_152' title='bbox 1285 2267 1322 2308; x_wconf 92' lang='lat' dir='ltr'>ac</span> <span class='ocrx_word' id='word_1_153' title='bbox 1345 2250 1445 2307; x_wconf 88' lang='lat' dir='ltr'>sciens</span> <span class='ocrx_word' id='word_1_154' title='bbox 1465 2255 1576 2325; x_wconf 87' lang='lat' dir='ltr'>potest.</span> <span class='ocrx_word' id='word_1_155' title='bbox 1654 2294 1657 2300; x_wconf 91' lang='lat'>.</span> 
     </span>
     <span class='ocr_line' id='line_1_18' title="bbox 435 2335 1574 2432; baseline -0.001 -23"><span class='ocrx_word' id='word_1_156' title='bbox 435 2352 549 2410; x_wconf 89' lang='lat' dir='ltr'>Verum</span> <span class='ocrx_word' id='word_1_157' title='bbox 571 2335 672 2410; x_wconf 82' lang='lat' dir='ltr'>autem</span> <span class='ocrx_word' id='word_1_158' title='bbox 703 2371 766 2409; x_wconf 91' lang='lat' dir='ltr'>non</span> <span class='ocrx_word' id='word_1_159' title='bbox 801 2353 859 2410; x_wconf 88' lang='lat' dir='ltr'>nisi</span> <span class='ocrx_word' id='word_1_160' title='bbox 881 2353 946 2410; x_wconf 90' lang='lat' dir='ltr'>eius</span> <span class='ocrx_word' id='word_1_161' title='bbox 969 2352 1046 2410; x_wconf 89' lang='lat' dir='ltr'>scire</span> <span class='ocrx_word' id='word_1_162' title='bbox 1069 2361 1126 2432; x_wconf 86' lang='lat' dir='ltr'>est,</span> <span class='ocrx_word' id='word_1_163' title='bbox 1163 2353 1213 2427; x_wconf 92' lang='lat' dir='ltr'>qui</span> <span class='ocrx_word' id='word_1_164' title='bbox 1234 2352 1272 2410; x_wconf 90' lang='lat' dir='ltr'>sit</span> <span class='ocrx_word' id='word_1_165' title='bbox 1305 2351 1415 2408; x_wconf 90' lang='lat' dir='ltr'>doctus</span> <span class='ocrx_word' id='word_1_166' title='bbox 1449 2367 1468 2406; x_wconf 90' lang='lat' dir='ltr'>a</span> <span class='ocrx_word' id='word_1_167' title='bbox 1504 2349 1574 2408; x_wconf 90' lang='lat' dir='ltr'>deo.</span> 
     </span>
     <span class='ocr_line' id='line_1_19' title="bbox 369 2451 1578 2530; baseline -0.005 -20"><span class='ocrx_word' id='word_1_168' title='bbox 369 2472 371 2476; x_wconf 73' lang='grc'>’</span> <span class='ocrx_word' id='word_1_169' title='bbox 437 2452 546 2530; x_wconf 87' lang='lat' dir='ltr'>Neque</span> <span class='ocrx_word' id='word_1_170' title='bbox 571 2454 652 2511; x_wconf 90' lang='lat' dir='ltr'>enim</span> <span class='ocrx_word' id='word_1_171' title='bbox 674 2462 778 2530; x_wconf 90' lang='lat' dir='ltr'>potest</span> <span class='ocrx_word' id='word_1_172' title='bbox 800 2454 887 2512; x_wconf 88' lang='lat' dir='ltr'>aliter</span> <span class='ocrx_word' id='word_1_173' title='bbox 908 2454 1070 2528; x_wconf 89' lang='lat' dir='ltr'>repudiare</span> <span class='ocrx_word' id='word_1_174' title='bbox 1092 2471 1171 2529; x_wconf 90' lang='lat' dir='ltr'>quae</span> <span class='ocrx_word' id='word_1_175' title='bbox 1193 2453 1269 2511; x_wconf 84' lang='lat' dir='ltr'>falsa</span> <span class='ocrx_word' id='word_1_176' title='bbox 1292 2460 1371 2522; x_wconf 88' lang='lat' dir='ltr'>sunt,</span> <span class='ocrx_word' id='word_1_177' title='bbox 1405 2451 1518 2524; x_wconf 87' lang='lat' dir='ltr'>eligere</span> <span class='ocrx_word' id='word_1_178' title='bbox 1540 2466 1578 2505; x_wconf 91' lang='lat' dir='ltr'>ac</span> 
     </span>
     <span class='ocr_line' id='line_1_20' title="bbox 437 2550 1577 2632; baseline -0.004 -22"><span class='ocrx_word' id='word_1_179' title='bbox 437 2555 567 2630; x_wconf 91' lang='lat' dir='ltr'>probare</span> <span class='ocrx_word' id='word_1_180' title='bbox 588 2572 667 2629; x_wconf 89' lang='lat' dir='ltr'>quae</span> <span class='ocrx_word' id='word_1_181' title='bbox 689 2573 769 2632; x_wconf 90' lang='lat' dir='ltr'>vera,</span> <span class='ocrx_word' id='word_1_182' title='bbox 794 2555 851 2611; x_wconf 89' lang='lat' dir='ltr'>sed</span> <span class='ocrx_word' id='word_1_183' title='bbox 875 2555 900 2611; x_wconf 91' lang='lat' dir='ltr'>si</span> <span class='ocrx_word' id='word_1_184' title='bbox 924 2554 970 2610; x_wconf 91' lang='lat' dir='ltr'>vel</span> <span class='ocrx_word' id='word_1_185' title='bbox 993 2571 1065 2612; x_wconf 89' lang='lat' dir='ltr'>casu</span> <span class='ocrx_word' id='word_1_186' title='bbox 1081 2554 1114 2610; x_wconf 90' lang='lat' dir='ltr'>id</span> <span class='ocrx_word' id='word_1_187' title='bbox 1130 2553 1273 2630; x_wconf 87' lang='lat' dir='ltr'>efficeret,</span> <span class='ocrx_word' id='word_1_188' title='bbox 1297 2551 1464 2614; x_wconf 88' lang='lat' dir='ltr'>certissime</span> <span class='ocrx_word' id='word_1_189' title='bbox 1478 2550 1577 2626; x_wconf 92' lang='lat' dir='ltr'>philo·</span> 
     </span>
     <span class='ocr_line' id='line_1_21' title="bbox 434 2651 1576 2731; baseline -0.004 -19"><span class='ocrx_word' id='word_1_190' title='bbox 434 2655 633 2730; x_wconf 88' lang='lat' dir='ltr'>sopharetur.</span> <span class='ocrx_word' id='word_1_191' title='bbox 651 2655 691 2712; x_wconf 90' lang='lat' dir='ltr'>Et</span> <span class='ocrx_word' id='word_1_192' title='bbox 714 2656 851 2731; x_wconf 90' lang='lat' dir='ltr'>quamvis</span> <span class='ocrx_word' id='word_1_193' title='bbox 872 2672 936 2720; x_wconf 82' lang='lat' dir='ltr'>non</span> <span class='ocrx_word' id='word_1_194' title='bbox 950 2663 1056 2729; x_wconf 91' lang='lat' dir='ltr'>posset</span> <span class='ocrx_word' id='word_1_195' title='bbox 1074 2655 1186 2712; x_wconf 86' lang='lat' dir='ltr'>divinis</span> <span class='ocrx_word' id='word_1_196' title='bbox 1208 2653 1387 2712; x_wconf 88' lang='lat' dir='ltr'>testimoniis</span> <span class='ocrx_word' id='word_1_197' title='bbox 1407 2653 1456 2710; x_wconf 93' lang='lat' dir='ltr'>illa</span> <span class='ocrx_word' id='word_1_198' title='bbox 1466 2651 1576 2709; x_wconf 83' lang='lat' dir='ltr'>deleu-</span> 
     </span>
    </p>
   </div>
   <div class='ocr_carea' id='block_1_5' title="bbox 435 2739 1369 2839">
    <p class='ocr_par' dir='ltr' id='par_1_5' title="bbox 435 2739 1369 2839">
     <span class='ocr_line' id='line_1_22' title="bbox 435 2739 1369 2839; baseline -0.001 -26"><span class='ocrx_word' id='word_1_199' title='bbox 435 2757 519 2834; x_wconf 85' lang='lat' dir='ltr'>dere,</span> <span class='ocrx_word' id='word_1_200' title='bbox 541 2759 645 2814; x_wconf 84' lang='lat' dir='ltr'>tamen</span> <span class='ocrx_word' id='word_1_201' title='bbox 667 2773 701 2814; x_wconf 90' lang='lat' dir='ltr'>se</span> <span class='ocrx_word' id='word_1_202' title='bbox 719 2757 817 2831; x_wconf 89' lang='lat' dir='ltr'>ipsam</span> <span class='ocrx_word' id='word_1_203' title='bbox 839 2757 950 2839; x_wconf 73' lang='lat' dir='ltr'>ueritas</span> <span class='ocrx_word' id='word_1_204' title='bbox 972 2755 1133 2822; x_wconf 84' lang='lat' dir='ltr'>illustraret</span> <span class='ocrx_word' id='word_1_205' title='bbox 1156 2772 1211 2813; x_wconf 90' lang='lat' dir='ltr'>suo</span> <span class='ocrx_word' id='word_1_206' title='bbox 1232 2739 1369 2816; x_wconf 71' lang='lat' dir='ltr'>lumine..&#39;</span> 
     </span>
    </p>
   </div>
   <div class='ocr_carea' id='block_1_6' title="bbox 438 2885 635 2894">
    <p class='ocr_par' dir='ltr' id='par_1_6' title="bbox 438 2885 635 2894">
     <span class='ocr_line' id='line_1_23' title="bbox 438 2885 635 2894; baseline 0.005 0"><span class='ocrx_word' id='word_1_207' title='bbox 438 2885 635 2894; x_wconf 70' lang='lat'><em>——-··———</em></span> 
     </span>
    </p>
   </div>
   <div class='ocr_carea' id='block_1_7' title="bbox 434 2949 1578 3110">
    <p class='ocr_par' dir='ltr' id='par_1_7' title="bbox 434 2949 1578 3110">
     <span class='ocr_line' id='line_1_24' title="bbox 534 2949 1578 3022; baseline -0.009 -15"><span class='ocrx_word' id='word_1_208' title='bbox 534 2953 544 2990; x_wconf 89' lang='lat'>¹</span> <span class='ocrx_word' id='word_1_209' title='bbox 563 2957 681 3022; x_wconf 81' lang='lat' dir='ltr'>Quocum</span> <span class='ocrx_word' id='word_1_210' title='bbox 700 2956 821 3014; x_wconf 65' lang='lat' dir='ltr'>casaur,</span> <span class='ocrx_word' id='word_1_211' title='bbox 837 2955 893 3004; x_wconf 86' lang='lat' dir='ltr'>Das</span> <span class='ocrx_word' id='word_1_212' title='bbox 904 2953 1010 3006; x_wconf 85' lang='lat' dir='ltr'>Christi.</span> <span class='ocrx_word' id='word_1_213' title='bbox 1029 2955 1065 3004; x_wconf 90' lang='lat' dir='ltr'>im</span> <span class='ocrx_word' id='word_1_214' title='bbox 1083 2954 1271 3013; x_wconf 86' lang='lat' dir='ltr'>Platonismus,</span> <span class='ocrx_word' id='word_1_215' title='bbox 1290 2951 1405 3014; x_wconf 86' lang='lat' dir='ltr'>Tiibing.</span> <span class='ocrx_word' id='word_1_216' title='bbox 1428 2949 1578 3000; x_wconf 82' lang='lat' dir='ltr'>Zeitschrist</span> 
     </span>
     <span class='ocr_line' id='line_1_25' title="bbox 434 3046 832 3110; baseline -0.003 -15"><span class='ocrx_word' id='word_1_217' title='bbox 434 3046 477 3095; x_wconf 79' lang='lat' dir='ltr'>sur</span> <span class='ocrx_word' id='word_1_218' title='bbox 494 3046 590 3096; x_wconf 86' lang='lat' dir='ltr'>Theoi.</span> <span class='ocrx_word' id='word_1_219' title='bbox 613 3046 689 3109; x_wconf 85' lang='lat'>1837,</span> <span class='ocrx_word' id='word_1_220' title='bbox 709 3057 723 3108; x_wconf 85' lang='lat'>3</span> <span class='ocrx_word' id='word_1_221' title='bbox 744 3061 770 3110; x_wconf 89' lang='lat' dir='ltr'>p.</span> <span class='ocrx_word' id='word_1_222' title='bbox 793 3055 832 3094; x_wconf 88' lang='lat' dir='ltr'>ro.</span> 
     </span>
    </p>
   </div>
   <div class='ocr_carea' id='block_1_8' title="bbox 0 0 1788 5397">
    <p class='ocr_par' dir='ltr' id='par_1_8' title="bbox 0 0 1788 5397">
     <span class='ocr_line' id='line_1_26' title="bbox 0 0 1788 5397; baseline 0 0"><span class='ocrx_word' id='word_1_223' title='bbox 0 0 1788 5397; x_wconf 95' lang='lat' dir='ltr'> </span> 
     </span>
    </p>
   </div>
  </div>
 </body>
</html>
