3566 5406
903 557 1087 619 ..6-

429 761 526 818 curus,
547 744 759 822 Hieronymus,
781 746 821 805 illi
836 747 929 804 etiam
948 740 993 804 ‘si
1011 749 1063 821 qui
1084 746 1298 805 Carneadeum
1319 748 1409 805 finem
1426 747 1502 804 tueri
1516 765 1569 804 vo·

427 844 491 902 lunt
500 840 517 904 '.
562 845 625 903 Sed
651 848 879 904 consideremus
906 866 986 923 quae
1008 845 1079 923 §30
1097 866 1142 924 sq.
1174 848 1324 906 dicuntur.
1373 842 1464 906 ‘Cum
1488 850 1568 906 euim

330 935 333 948 ⁸
427 955 549 1003 constet
569 947 647 1005 inter
669 965 786 1016 omues,
810 965 901 1004 omne
924 948 1057 1005 officium
1079 965 1252 1023 munusque
1274 949 1442 1024 sapientiae
1460 949 1490 1005 in
1512 950 1568 1007 ho·

426 1048 514 1104 miuis
547 1048 628 1105 cultu
657 1065 726 1106 esse
760 1057 951 1124 occupatum,
986 1051 1044 1106 alri‘
1063 1081 1099 1088 —
1130 1067 1169 1106 ne
1198 1068 1249 1106 me
1275 1050 1429 1107 existimes
1462 1059 1569 1109 contra

428 1147 547 1205 Stoicos
584 1149 681 1207 solum
710 1151 813 1208 dicere
839 1181 877 1190 -
905 1167 957 1208 eas
985 1152 1151 1208 sententias
1181 1151 1318 1221 afferunt,
1352 1159 1385 1208 ut
1419 1169 1567 1208 summum

427 1249 542 1307 bonum
557 1251 587 1307 in
609 1269 648 1309 eo
663 1269 778 1326 genere
797 1260 926 1329 ponant,
951 1252 1036 1326 quod
1061 1253 1099 1310 sit
1114 1260 1200 1309 extra
1214 1260 1350 1310 nostram
1372 1260 1568 1330 potestatem,

428 1358 583 1425 tamquam
605 1352 645 1408 de
667 1352 800 1410 inanimo
819 1353 921 1427 aliquo
944 1352 1116 1428 loquantur,
1139 1353 1198 1409 alti*
1211 1362 1327 1421 contra,
1350 1354 1436 1428 quasi
1460 1370 1568 1428 corpus

426 1452 541 1510 nullum
564 1454 602 1512 sit
624 1454 762 1524 hominis,
786 1455 828 1512 ita
850 1463 971 1529 praeter
993 1455 1127 1511 animum
1149 1453 1221 1511 nihil
1245 1461 1361 1521 curant,
1389 1470 1459 1510 cum
1481 1471 1570 1529 prae·

427 1554 530 1610 sertim
551 1555 618 1629 ipse
641 1573 765 1632 quoque
787 1556 905 1613 animus
927 1573 990 1613 non
1013 1556 1103 1612 inane
1118 1555 1224 1612 nescio
1251 1555 1325 1629 quid
1347 1555 1386 1611 sit
1406 1585 1444 1594 -
1467 1571 1569 1630 neque

426 1655 507 1712 enim
528 1657 560 1712 id
582 1674 707 1731 possum
729 1657 906 1732 intellegere
930 1687 966 1697 -
991 1657 1048 1714 sed
1070 1655 1101 1713 iu
1126 1656 1262 1733 quodam
1288 1672 1401 1729 genere
1423 1654 1569 1730 corporis,

425 1764 518 1813 utne
540 1757 566 1814 is
588 1758 713 1832 quidem
743 1758 853 1816 virtute
876 1775 938 1817 una
959 1766 1122 1815 contentus
1150 1757 1197 1832 sit,
1233 1757 1290 1814 sed
1312 1764 1439 1832 appetat
1467 1756 1569 1814 vacui·

426 1865 521 1914 tatem
545 1855 685 1919 dolorisl.
730 1858 830 1931 Quam
853 1861 892 1916 ob
916 1878 980 1917 rem
1008 1859 1128 1934 utrique
1149 1859 1232 1915 idem
1256 1858 1380 1925 faciunt,
1408 1866 1442 1915 ut
1461 1857 1485 1914 si
1507 1858 1569 1915 lae·

426 1975 493 2014 vam
515 1968 633 2033 partem
656 1960 865 2034 neglegerent,
895 1961 1055 2017 dexteram
1075 1966 1238 2028 tuerentur,
1271 1966 1325 2015 aut
1346 1957 1439 2032 ipsius
1467 1956 1567 2030 animi,

426 2065 459 2114 ut
481 2058 553 2116 fecit
574 2060 692 2134 ErilluS,
721 2061 926 2135 cognitionem
948 2061 1200 2136 amplexarentur,
1234 2059 1387 2116 actionem
1419 2058 1569 2133 relinque·

425 2169 501 2218 rent.
546 2161 661 2218 Eorum
682 2162 764 2219 enim
784 2163 929 2230 omnium,
955 2161 1050 2220 multa
1072 2159 1387 2236 praetermittentium,
1420 2160 1494 2216 dum
1517 2159 1570 2216 eli·

425 2269 499 2333 gant
530 2261 653 2338 aliquid,
686 2265 771 2339 quod
800 2272 974 2338 sequantur,
1010 2262 1095 2339 quasi
1118 2269 1204 2319 curta
1232 2261 1400 2331 sententia;
1434 2268 1465 2317 at
1496 2277 1567 2317 vero

425 2360 476 2417 illa
504 2351 641 2437 perfecta
668 2371 761 2440 atque
788 2364 878 2440 plena
908 2380 1024 2430 eorum,
1057 2362 1108 2438 qui
1138 2379 1207 2420 curn
1229 2362 1270 2419 de
1296 2361 1427 2418 hominis
1450 2377 1569 2418 summo

425 2462 508 2520 bono
531 2473 723 2542 quaererent,
745 2466 857 2523 nullam
877 2466 910 2525 in
931 2482 968 2522 eo
989 2481 1089 2538 neque
1112 2463 1205 2522 animi
1227 2479 1327 2538 neque
1351 2461 1485 2538 corporis
1500 2481 1569 2537 par-

428 2569 639 2648 tem'vacuam
661 2567 753 2624 tutela
781 2562 986 2640 reliquerunt'.
1010 2596 1045 2605 -
1072 2564 1132 2637 Qui
1154 2572 1236 2644 sunt,
1263 2572 1370 2622 contra
1393 2580 1471 2638 quos
1493 2562 1570 2622 haec

427 2662 586 2723 dicuntur?
608 2667 764 2742 Madvigio
781 2665 875 2724 Stoici
898 2684 966 2725 esse
989 2666 1136 2737 videntur,
1159 2645 1442 2723 cum'adnotaverit
1454 2681 1484 2739 p.
1507 2677 1566 2738 535

422 2754 590 2824 ‘adversus
612 2767 748 2826 Stoicum
769 2767 942 2826 Stoicorum
965 2767 1117 2824 sententia
1139 2761 1254 2840 utens',
1286 2766 1343 2823 sed
1365 2763 1484 2822 Stoicos
1505 2781 1569 2821 non

426 2885 495 2925 esse
520 2869 632 2944 apertis
655 2870 754 2927 verbis
777 2870 855 2926 dixit
875 2869 1001 2930 Tullius,
1045 2867 1155 2943 Neque
1178 2866 1300 2942 Pyrrh0,
1323 2867 1435 2943 Aristo,
1458 2865 1567 2923 Erillus

425 2987 494 3026 esse
509 2980 648 3045 possunt,
671 2989 739 3028 cum
760 2971 868 3029 horum
883 2971 1054 3028 sententiae
1071 2970 1186 3027 deinde
1208 2987 1227 3026 a
1249 2970 1321 3042 §40
1343 2969 1567 3043 impugnentur,

426 3079 458 3128 et
478 3071 545 3147 ipse
567 3071 674 3130 Erillus
702 3090 769 3130 cum
791 3072 847 3129 illis
868 3090 931 3128 non
957 3071 1122 3128 nominatis
1144 3069 1334 3145 philosophis
1366 3076 1568 3144 comparetur.

425 3173 609 3248 Frustraque
632 3171 754 3230 tabulae
776 3172 817 3229 illi
840 3173 986 3246 adaptare
1002 3171 1171 3230 conaberis
1196 3201 1233 3210 -
1258 3169 1321 3228 Sed
1343 3168 1567 3227 meminerimus

427 3271 620 3331 Carneadem
642 3273 762 3346 vidisse,
797 3291 860 3330 non
881 3272 975 3329 modo
1008 3280 1084 3346 quot
1106 3271 1230 3328 omnino
1254 3287 1323 3327 esse
1348 3278 1477 3345 possent
1499 3287 1568 3328 sen·

427 3375 553 3446 tentiae,
583 3376 640 3431 sed
662 3375 754 3431 etiam
777 3382 851 3449 quot
873 3374 1001 3431 fuissent
1022 3373 1125 3430 adhuc
1148 3374 1188 3430 de
1211 3389 1330 3430 summo
1353 3373 1435 3429 bono
1457 3371 1509 3446 [cf.
1528 3373 1569 3430 de

424 3475 472 3534 fin.
495 3474 524 3531 V
550 3469 615 3552 ro]l
656 3474 726 3550 Ipse
749 3474 866 3532 Tullius
889 3475 981 3546 dicat,
1017 3491 1146 3549 quorum
1167 3473 1293 3531 nomina
1321 3473 1380 3531 hoc
1403 3473 1471 3530 loco
1494 3473 1569 3530 omi·

426 3576 510 3636 serit:
539 3570 780 3652 ‘Megaricorum
811 3577 866 3634 fuit
897 3576 1007 3633 nobilis
1031 3576 1201 3651 disciplina,
1235 3575 1331 3644 cuiuS,
1364 3582 1397 3631 ut
1425 3574 1568 3649 scriptum

425 3678 525 3751 video,
547 3679 688 3754 princeps
700 3678 920 3754 Xenophanes,
945 3695 1035 3753 quem
1056 3678 1151 3735 modo
1165 3675 1337 3744 nominavi;
1360 3676 1474 3732 deinde
1497 3691 1567 3732 eum

425 3779 521 3836 secuti
549 3778 745 3838 Parmenides
777 3788 808 3837 et
835 3780 930 3854 Zen0,
963 3781 1066 3854 itaque
1094 3778 1133 3834 ab
1167 3777 1203 3834 iis
1233 3777 1359 3835 Eleatici
1394 3775 1567 3850 philosophi

423 3879 668 3940 nominabantur.
713 3880 787 3938 Post
808 3880 962 3948 Euclides,
993 3879 1125 3936 Socratis
1149 3877 1322 3952 discipulus,
1350 3875 1522 3952 MegareuS,
1550 3896 1569 3936 a

425 3999 486 4057 quo
508 3981 592 4038 idem
613 3981 653 4037 illi
668 3981 815 4054 Megarici
838 3981 919 4050 dicti,
944 3981 995 4057 qui
1017 3981 1050 4037 id
1067 3981 1182 4037 bonum
1204 3978 1301 4035 solum
1323 3995 1393 4035 esse
1415 3977 1567 4048 dicebant,

425 4083 509 4157 quod
530 4089 613 4139 esset
639 4099 733 4139 unum
754 4090 787 4139 et
815 4082 910 4139 simile
933 4091 965 4139 et
986 4081 1069 4139 idem
1097 4097 1224 4154 semper.
1268 4079 1309 4136 Hi
1330 4095 1451 4153 quoque
1473 4078 1568 4134 multa

425 4200 443 4238 a
466 4182 604 4241 Platone.
648 4185 676 4240 A
693 4183 880 4240 Menedemo
903 4192 1014 4256 autem,
1040 4183 1124 4258 quod
1147 4181 1172 4238 is
1194 4180 1313 4238 Eretria
1335 4178 1400 4248 fuit,
1423 4179 1570 4236 Eretriaci

425 4283 577 4360 appellati,
613 4302 740 4359 quorum
761 4303 852 4341 omne
887 4285 1002 4342 bonum
1034 4284 1065 4340 in
1097 4290 1200 4339 mente
1232 4283 1366 4357 positum
1395 4290 1427 4337 et
1459 4280 1569 4337 mentis

425 4385 499 4456 acie,
521 4403 582 4460 qua
604 4403 707 4442 verum
729 4394 917 4445 cerneretur:
940 4385 1022 4443 Erilli
1045 4384 1153 4441 similia
1179 4377 1232 4460 [cf.
1256 4386 1296 4441 de
1319 4382 1367 4438 fin.
1391 4381 1436 4438 IV
1458 4379 1497 4455 36
1519 4374 1569 4436 ‘ut

513 4537 580 4541 ..„.—-
588 4535 620 4542 ..⁴-

523 4603 534 4642 ¹
553 4608 584 4658 Id
602 4617 640 4658 est
661 4607 821 4674 ἀοχλησίαν,
841 4611 872 4659 ci.
894 4625 919 4675 p.
942 4621 952 4657 1
973 4625 999 4662 n.
1023 4623 1044 4660 1.
