3566 5406
734 551 935 612 ..„..

269 739 307 780 ex
330 719 497 779 Clementis
529 729 561 779 et
587 737 624 779 ex
653 721 844 780 Theodoreti
873 722 953 780 libris
980 722 1125 797 expedire
1157 721 1269 799 studui,
1302 739 1408 796 quam·

269 839 360 899 quam
386 820 561 880 historicam
583 823 738 898 quandam
760 821 911 881 rationem
932 823 1033 880 inesse
1050 823 1193 883 intellexi.
1237 820 1316 880 Nam
1337 811 1409 898 post

269 925 349 982 illam
372 923 507 982 tabulam
530 923 720 1000 apertissime
743 924 880 1000 singulae
902 924 1025 982 scholae
1057 924 1284 998 distinguuntur
1315 931 1407 998 atque

268 1024 424 1083 Annicerii
447 1034 477 1082 et
492 1023 688 1082 Metrodorus
710 1024 855 1100 Aristippi
878 1033 910 1082 et
930 1025 1053 1101 Epicuri
1076 1024 1196 1082 scholas
1228 1023 1407 1100 significant,

267 1143 347 1204 quos
369 1127 453 1202 ipsos
475 1124 618 1184 Clemens
640 1124 700 1183 hoc
722 1127 790 1184 loco
812 1127 1023 1202 praetermisit,
1051 1143 1121 1184 cum
1143 1126 1173 1182 in
1196 1124 1300 1183 tabula
1321 1141 1408 1200 prae-

268 1228 371 1304 posita
391 1227 540 1285 nominati
573 1227 642 1286 sint.
671 1259 711 1270 —
737 1226 782 1286 Ex
812 1227 870 1285 hac
891 1226 1035 1285 historica
1061 1225 1266 1301 componendi
1290 1223 1407 1283 ratione

272 1328 518 1388 concludendum
530 1335 578 1385 est
588 1327 711 1385 minime
724 1328 875 1404 integrum
887 1345 956 1386 esse
972 1328 1155 1402 catalogum,
1175 1327 1260 1402 quod
1271 1326 1353 1384 idem
1368 1343 1407 1382 ex

268 1430 488 1506 inaequalitate
502 1429 596 1487 totius
608 1429 837 1506 compositionis
849 1429 1041 1505 intellegitur,
1064 1447 1134 1486 cum
1144 1428 1262 1486 numeri
1273 1425 1408 1502 philoso-

268 1531 397 1607 phorum
420 1529 544 1604 singulis
569 1529 661 1587 sectis
683 1530 864 1589 insertorum
886 1539 948 1589 tam
970 1529 1042 1589 varii
1062 1531 1131 1588 sint.
1164 1559 1205 1570 -
1228 1526 1347 1599 Quibus
1369 1545 1407 1584 ex

267 1631 348 1689 libris
371 1629 513 1689 Clemens
536 1629 594 1688 hos
614 1630 814 1708 philosophos
846 1632 995 1708 petiverit,
1027 1649 1090 1690 uon
1124 1632 1166 1688 ita
1187 1628 1352 1706 exploravi,
1374 1635 1408 1687 ut

270 1739 428 1791 auctorem
448 1727 606 1790 nominare'
629 1733 770 1791 audeam.
813 1731 852 1791 Id
882 1733 1008 1808 quidem
1029 1739 1160 1802 constat,
1193 1730 1250 1788 nisi
1271 1730 1340 1797 alia,
1362 1737 1408 1787 ta·

268 1833 372 1892 bulam
400 1831 526 1907 quidem
559 1840 591 1889 et
613 1833 717 1891 locum·
735 1834 775 1890 de
797 1832 925 1892 Platone
946 1834 1029 1892 illum
1054 1851 1092 1890 err
1114 1831 1257 1891 Antiochi
1288 1829 1407 1906 scriptis

266 1933 377 1992 hausta
410 1949 497 2002 esse;
530 1932 703 1991 Stoicorum
732 1934 809 1992 ordo
840 1952 859 1992 a
892 1935 1111 1993 recentioribus
1143 1932 1338 2008 scriptoribus
1363 1931 1407 1990 ita

266 2042 376 2092 auctus
392 2042 439 2091 est
454 2041 489 2091 ut
504 2033 701 2093 vetustiorem
720 2034 847 2104 fontem,
869 2052 1037 2112 quousque
1052 2033 1256 2112 pertinuisset,
1275 2033 1407 2107 ingenue

265 2133 487 2210 profiterentur.
531 2133 612 2193 Tum
643 2141 781 2192 veterum
808 2152 931 2213 quoque
962 2135 1212 2211 philosophorum
1233 2132 1406 2192 sententiae

271 2235 344 2312 quin
360 2253 399 2293 ex
411 2235 556 2294 Antiochi
578 2235 660 2293 libris
674 2244 837 2311 excerptae
859 2236 919 2295 sint
940 2254 1004 2294 non
1026 2237 1144 2297 dubito,
1178 2234 1302 2294 Collatis
1325 2234 1406 2292 enim

266 2335 432 2394 Clementis
455 2344 486 2395 et
509 2334 666 2395 Ciceronis
691 2337 840 2412 catalogis
862 2346 999 2414 apparet,
1022 2338 1184 2396 nonnullos
1205 2335 1405 2414 philosophos

264 2438 304 2496 ab
329 2445 458 2513 utroque
479 2438 654 2497 nominatos
677 2455 756 2507 esse,
790 2439 821 2496 in
843 2439 965 2515 reliquis
988 2439 1116 2498 alterum
1137 2438 1224 2496 alteri
1244 2437 1287 2496 ita
1308 2437 1406 2512 aptari

264 2555 368 2615 posse,
400 2546 435 2598 ut
456 2547 585 2615 uterque
606 2540 748 2616 reliquias
770 2540 893 2598 maioris
915 2540 1073 2599 cuiusdam
1095 2539 1226 2615 catalogi
1247 2539 1405 2597 continere

267 2639 416 2700 videatur.
438 2638 547 2698 Cicero
569 2649 692 2716 praeter
717 2641 842 2699 tabulae
863 2641 1063 2718 philosophos
1077 2640 1294 2710 Democritum,
1315 2639 1405 2697 Elea·

263 2739 351 2810 ticos,
376 2740 559 2818 Megaricos,
593 2741 775 2812 Eretriacos‚
811 2743 980 2819 Scepticos,
1016 2742 1230 2802 Antisthenem
1252 2737 1307 2816 (de
1328 2749 1404 2801 orat.

262 2838 382 2920 11162)
405 2851 575 2912 enumerat,
607 2843 718 2918 quibus
740 2861 758 2900 a
781 2842 942 2903 Clemente
974 2844 1184 2918 Anaxagoras,
1219 2841 1404 2912 Heraclitus,

263 2941 453 3019 Pythagoras
476 2943 658 3013 adiciuntur,
680 2963 748 3004 cum
764 2944 901 3014 Eleatici,
922 2944 1078 3020 Megarici.
1101 2943 1248 3004 Eretriaci
1268 2952 1405 3019 praeter·

262 3045 348 3103 missi
375 3045 445 3105 sint.
490 3043 613 3104 Scilicet
636 3054 670 3104 ut
692 3047 786 3105 ceteri
811 3047 853 3104 ita
875 3047 968 3105 etiam
989 3045 1019 3104 ei
1039 3043 1221 3121 philosophi,
1243 3060 1321 3119 quos
1336 3042 1404 3103 Cle·

261 3162 348 3204 mens
376 3154 544 3221 enumerat,
580 3145 689 3206 Cicero
720 3148 933 3224 praetermisit,
966 3148 1103 3224 exceptis
1135 3145 1276 3204 nimirum
1295 3144 1405 3204 Stoicis

261 3246 494 3316 recentioribus,
519 3247 559 3304 ab
580 3247 734 3306 Antiocho
757 3247 878 3307 tractati
899 3265 970 3306 esse
992 3265 1054 3306 nou
1076 3249 1277 3323 negabuntur.

360 3345 450 3405 Nunc
474 3347 632 3406 videamus
655 3365 674 3404 a
696 3347 805 3424 quibus
829 3349 895 3406 aliis
927 3349 967 3406 de
989 3348 1181 3427 philosophia
1209 3347 1405 3424 scriptoribus

261 3447 373 3506 eadem
397 3448 448 3506 illa
470 3449 578 3506 divisio
601 3447 738 3507 adhibita
760 3450 809 3507 sit.
839 3450 941 3525 Atque
955 3451 1082 3526 primum
1102 3451 1226 3526 quidem
1240 3458 1302 3507 tres
1324 3466 1405 3507 sum·

259 3549 301 3606 mi
324 3548 401 3607 boui
419 3549 534 3608 classes
556 3547 724 3608 afferuntur
752 3549 792 3607 ab
823 3549 894 3608 Ario
915 3549 1044 3624 Didym
1077 3553 1160 3627 apud
1181 3550 1266 3610 Stob.
1288 3549 1354 3608 Ecl.
1376 3548 1405 3607 II

260 3646 302 3706 60
315 3648 356 3709 H.
372 3664 410 3724 47
427 3647 486 3718 W,
519 3667 589 3708 cum
624 3651 663 3707 de
695 3650 874 3728 hypotelide
906 3660 1079 3728 quaeratur,
1115 3669 1206 3728 quem
1234 3652 1276 3709 ad
1303 3650 1403 3709 locum

262 3749 323 3807 iam
345 3767 363 3807 a
385 3748 614 3810 Wachsmuthio
646 3751 800 3810 indicatus
833 3760 882 3810 est
908 3770 1078 3812 consensus
1112 3752 1268 3812 Ciceronis
1290 3754 1331 3814 de
1352 3751 1403 3811 fin.

259 3849 289 3907 V
311 3849 346 3910 18
370 3859 401 3910 et
420 3867 469 3911 20.
490 3845 685 3929 ‘[irrroreii5]
714 3851 813 3913 reiron
841 3841 907 3915 δ’ἔν
928 3870 988 3915 τινι
1009 3853 1076 3915 τῶν
1099 3852 1218 3930 τριῶν·
1240 3848 1260 3927 ἣ
1283 3848 1345 3928 γὰρ
1368 3847 1404 3913 ἐν

258 3945 360 4031 ἡδονῇ
381 3946 401 4025 ἣ
425 3948 461 4014 ἐν
483 3946 646 4033 ἀοχλησίᾳ
670 3949 690 4028 ἣ
714 3948 750 4014 ἐν
773 3953 843 4029 τοῖς
864 3950 1006 4030 πρώτοις
1028 3951 1110 4016 κατὰ
1132 3948 1252 4030 φύσιν]
1280 3953 1316 4010 ln
1337 3952 1405 4009 bre·

258 4050 382 4110 vissima
404 4061 508 4110 autem
530 4051 589 4111 hac
614 4053 749 4129 epitoma
770 4055 895 4112 nomina
916 4055 1131 4130 praetermissa
1153 4049 1252 4113 suntl.

262 4166 458 4176 ——------.—..

358 4211 369 4251 ¹
388 4216 459 4282 Quin
477 4218 608 4284 Didymus
626 4219 692 4269 haec
711 4236 742 4270 ex
762 4219 866 4286 scriptis
883 4221 1012 4271 Antiochi
1029 4221 1160 4287 petiverit,
1178 4219 1253 4270 nulla
1272 4219 1402 4270 dubitatio

259 4319 318 4354 esse
334 4311 431 4370 potest.
467 4306 567 4367 Liceat,
587 4322 646 4357 cum
664 4307 769 4358 videam
790 4309 823 4358 ab
836 4308 959 4358 Hirzelio
970 4309 998 4358 11
1016 4325 1043 4375 p.
1055 4321 1114 4376 705.
1134 4320 1193 4373 709.
1214 4320 1273 4372 711.
1293 4308 1371 4374 835n
1387 4319 1402 4357 2

257 4391 325 4442 hanc
343 4394 526 4460 quaestionem
544 4396 624 4463 tangi,-
651 4397 741 4462 paucis
768 4411 835 4464 quae
860 4397 894 4446 de
912 4397 1021 4463 Didymi
1045 4397 1160 4463 epitoma
1186 4396 1316 4447 sententia
1336 4395 1402 4446 mihi

259 4480 295 4530 sit
313 4481 454 4548 explicare.
476 4509 507 4520 -
527 4483 593 4534 Cum
604 4483 633 4534 in
650 4483 787 4552 permultis
799 4484 868 4536 locis
880 4485 1025 4550 Didymeae
1039 4484 1170 4551 epitomae
1182 4485 1307 4535 iudicium
1319 4484 1401 4550 quod·
1512 4497 1515 4503 ·

260 4571 320 4620 darn
338 4569 426 4620 inesse
446 4569 641 4634 intellegamus,
659 4586 713 4637 quo
731 4571 954 4640 philosophorum
975 4573 1121 4624 sententiae
1139 4572 1177 4624 ita
1195 4578 1344 4634 tractantur,
1374 4578 1403 4623 ut
