<?xml version="1.0" encoding="UTF-8"?>
<!DOCTYPE html PUBLIC "-//W3C//DTD XHTML 1.0 Transitional//EN"
    "http://www.w3.org/TR/xhtml1/DTD/xhtml1-transitional.dtd">
<html xmlns="http://www.w3.org/1999/xhtml" xml:lang="en" lang="en">
 <head>
  <title>
</title>
<meta http-equiv="Content-Type" content="text/html;charset=utf-8" />
  <meta name='ocr-system' content='tesseract 3.04.00' />
  <meta name='ocr-capabilities' content='ocr_page ocr_carea ocr_par ocr_line ocrx_word'/>
</head>
<body>
  <div class='ocr_page' id='page_1' title='image "./deantiochoascal00hoyegoog_0059.png"; bbox 0 0 3566 5406; ppageno 0'>
   <div class='ocr_carea' id='block_1_1' title="bbox 357 712 1564 4354">
    <p class='ocr_par' dir='ltr' id='par_1_1' title="bbox 357 712 1564 2209">
     <span class='ocr_line' id='line_1_1' title="bbox 420 712 1563 817; baseline 0 -21"><span class='ocrx_word' id='word_1_1' title='bbox 420 748 466 798; x_wconf 88' lang='lat' dir='ltr'><strong>ret</strong></span> <span class='ocrx_word' id='word_1_2' title='bbox 492 748 524 797; x_wconf 87' lang='lat' dir='ltr'><strong>et</strong></span> <span class='ocrx_word' id='word_1_3' title='bbox 543 712 780 817; x_wconf 57' lang='lat' dir='ltr'><strong>demonstraret,=</strong></span> <span class='ocrx_word' id='word_1_4' title='bbox 803 755 1004 816; x_wconf 89' lang='lat' dir='ltr'><strong>quaecunque</strong></span> <span class='ocrx_word' id='word_1_5' title='bbox 1016 738 1055 796; x_wconf 86' lang='lat' dir='ltr'><strong>ab</strong></span> <span class='ocrx_word' id='word_1_6' title='bbox 1067 738 1113 796; x_wconf 90' lang='lat' dir='ltr'><strong>his</strong></span> <span class='ocrx_word' id='word_1_7' title='bbox 1129 736 1303 795; x_wconf 85' lang='lat' dir='ltr'><strong>dicerentur</strong></span> <span class='ocrx_word' id='word_1_8' title='bbox 1325 737 1386 795; x_wconf 87' lang='lat' dir='ltr'><strong>iam</strong></span> <span class='ocrx_word' id='word_1_9' title='bbox 1401 757 1419 796; x_wconf 92' lang='lat' dir='ltr'><strong>a</strong></span> <span class='ocrx_word' id='word_1_10' title='bbox 1434 737 1563 796; x_wconf 89' lang='lat' dir='ltr'><strong>Platone</strong></span> 
     </span>
     <span class='ocr_line' id='line_1_2' title="bbox 422 838 1563 915; baseline 0 -19"><span class='ocrx_word' id='word_1_11' title='bbox 422 841 560 898; x_wconf 89' lang='lat' dir='ltr'><strong>instituta</strong></span> <span class='ocrx_word' id='word_1_12' title='bbox 579 858 657 898; x_wconf 88' lang='lat' dir='ltr'><strong>esse.</strong></span> <span class='ocrx_word' id='word_1_13' title='bbox 682 839 924 914; x_wconf 84' lang='lat' dir='ltr'><strong>Coniungendos</strong></span> <span class='ocrx_word' id='word_1_14' title='bbox 942 856 1011 896; x_wconf 90' lang='lat' dir='ltr'><strong>esse</strong></span> <span class='ocrx_word' id='word_1_15' title='bbox 1028 838 1084 896; x_wconf 93' lang='lat' dir='ltr'><strong>hos</strong></span> <span class='ocrx_word' id='word_1_16' title='bbox 1099 839 1185 897; x_wconf 88' lang='lat' dir='ltr'><strong>locos</strong></span> <span class='ocrx_word' id='word_1_17' title='bbox 1200 856 1239 895; x_wconf 91' lang='lat' dir='ltr'><strong>eo</strong></span> <span class='ocrx_word' id='word_1_18' title='bbox 1261 838 1463 908; x_wconf 86' lang='lat' dir='ltr'><strong>confirmatur,</strong></span> <span class='ocrx_word' id='word_1_19' title='bbox 1479 841 1563 915; x_wconf 91' lang='lat' dir='ltr'><strong>quod</strong></span> 
     </span>
     <span class='ocr_line' id='line_1_3' title="bbox 421 940 1563 1018; baseline -0.002 -18"><span class='ocrx_word' id='word_1_20' title='bbox 421 943 571 1018; x_wconf 88' lang='lat' dir='ltr'><strong>Epicurus</strong></span> <span class='ocrx_word' id='word_1_21' title='bbox 605 950 636 998; x_wconf 91' lang='lat' dir='ltr'><strong>et</strong></span> <span class='ocrx_word' id='word_1_22' title='bbox 668 940 867 998; x_wconf 87' lang='lat' dir='ltr'><strong>Antisthenes</strong></span> <span class='ocrx_word' id='word_1_23' title='bbox 890 941 921 998; x_wconf 88' lang='lat' dir='ltr'><strong>in</strong></span> <span class='ocrx_word' id='word_1_24' title='bbox 943 950 1073 1015; x_wconf 88' lang='lat' dir='ltr'><strong>utroque</strong></span> <span class='ocrx_word' id='word_1_25' title='bbox 1090 940 1206 1012; x_wconf 69' lang='lat' dir='ltr'><strong>¹insunt</strong></span> <span class='ocrx_word' id='word_1_26' title='bbox 1239 948 1269 998; x_wconf 90' lang='lat' dir='ltr'><strong>et</strong></span> <span class='ocrx_word' id='word_1_27' title='bbox 1302 940 1377 999; x_wconf 88' lang='lat' dir='ltr'><strong>mira</strong></span> <span class='ocrx_word' id='word_1_28' title='bbox 1411 940 1563 1016; x_wconf 85' lang='lat' dir='ltr'><strong>quaedam</strong></span> 
     </span>
     <span class='ocr_line' id='line_1_4' title="bbox 357 1039 1562 1101; baseline -0.002 -1"><span class='ocrx_word' id='word_1_29' title='bbox 357 1043 359 1046; x_wconf 78' lang='grc'><strong>’</strong></span> <span class='ocrx_word' id='word_1_30' title='bbox 423 1043 585 1101; x_wconf 83' lang='lat' dir='ltr'><strong>consensio</strong></span> <span class='ocrx_word' id='word_1_31' title='bbox 605 1051 653 1098; x_wconf 89' lang='lat' dir='ltr'><strong>est</strong></span> <span class='ocrx_word' id='word_1_32' title='bbox 681 1042 711 1098; x_wconf 92' lang='lat' dir='ltr'><strong>in</strong></span> <span class='ocrx_word' id='word_1_33' title='bbox 734 1040 959 1099; x_wconf 90' lang='lat' dir='ltr'><strong>definitionibus</strong></span> <span class='ocrx_word' id='word_1_34' title='bbox 989 1041 1122 1098; x_wconf 85' lang='lat' dir='ltr'><strong>Zenonis</strong></span> <span class='ocrx_word' id='word_1_35' title='bbox 1152 1040 1197 1100; x_wconf 92' lang='lat' dir='ltr'><strong>vel</strong></span> <span class='ocrx_word' id='word_1_36' title='bbox 1225 1048 1360 1098; x_wconf 91' lang='lat' dir='ltr'><strong>veterum</strong></span> <span class='ocrx_word' id='word_1_37' title='bbox 1382 1039 1562 1099; x_wconf 89' lang='lat' dir='ltr'><strong>Stoicorum.</strong></span> 
     </span>
     <span class='ocr_line' id='line_1_5' title="bbox 421 1135 1564 1218; baseline 0 -20"><span class='ocrx_word' id='word_1_38' title='bbox 421 1142 460 1199; x_wconf 92' lang='lat' dir='ltr'><strong>Vi</strong></span> <span class='ocrx_word' id='word_1_39' title='bbox 482 1143 616 1218; x_wconf 86' lang='lat' dir='ltr'><strong>quadam</strong></span> <span class='ocrx_word' id='word_1_40' title='bbox 638 1159 701 1200; x_wconf 88' lang='lat' dir='ltr'><strong>uon</strong></span> <span class='ocrx_word' id='word_1_41' title='bbox 721 1143 837 1200; x_wconf 91' lang='lat' dir='ltr'><strong>bonum</strong></span> <span class='ocrx_word' id='word_1_42' title='bbox 860 1139 1094 1217; x_wconf 85' lang='grc' dir='ltr'>[προηγμένον]</span> <span class='ocrx_word' id='word_1_43' title='bbox 1121 1143 1178 1199; x_wconf 90' lang='lat' dir='ltr'><strong>sed</strong></span> <span class='ocrx_word' id='word_1_44' title='bbox 1209 1135 1391 1217; x_wconf 82' lang='grc' dir='ltr'>ἀδιάφορον</span> <span class='ocrx_word' id='word_1_45' title='bbox 1419 1159 1489 1200; x_wconf 89' lang='lat' dir='ltr'><strong>esse</strong></span> <span class='ocrx_word' id='word_1_46' title='bbox 1510 1160 1564 1198; x_wconf 92' lang='lat' dir='ltr'><strong>vo·</strong></span> 
     </span>
     <span class='ocr_line' id='line_1_6' title="bbox 421 1242 1561 1320; baseline 0.001 -18"><span class='ocrx_word' id='word_1_47' title='bbox 421 1245 521 1320; x_wconf 89' lang='lat' dir='ltr'><strong>luptas</strong></span> <span class='ocrx_word' id='word_1_48' title='bbox 537 1245 656 1304; x_wconf 89' lang='lat' dir='ltr'><strong>dicitur.</strong></span> <span class='ocrx_word' id='word_1_49' title='bbox 690 1243 784 1316; x_wconf 91' lang='lat' dir='ltr'><strong>Quod</strong></span> <span class='ocrx_word' id='word_1_50' title='bbox 801 1243 917 1301; x_wconf 88' lang='lat' dir='ltr'><strong>Gellius</strong></span> <span class='ocrx_word' id='word_1_51' title='bbox 932 1243 1101 1301; x_wconf 87' lang='lat' dir='ltr'><strong>Metrodori</strong></span> <span class='ocrx_word' id='word_1_52' title='bbox 1125 1243 1336 1301; x_wconf 87' lang='lat' dir='ltr'><strong>definitionem</strong></span> <span class='ocrx_word' id='word_1_53' title='bbox 1360 1242 1438 1316; x_wconf 90' lang='lat' dir='ltr'><strong>[Cic.</strong></span> <span class='ocrx_word' id='word_1_54' title='bbox 1455 1244 1495 1300; x_wconf 93' lang='lat' dir='ltr'><strong>de</strong></span> <span class='ocrx_word' id='word_1_55' title='bbox 1511 1244 1561 1303; x_wconf 89' lang='lat' dir='ltr'><strong>fin.</strong></span> 
     </span>
     <span class='ocr_line' id='line_1_7' title="bbox 419 1339 1563 1420; baseline 0 -18"><span class='ocrx_word' id='word_1_56' title='bbox 419 1345 447 1402; x_wconf 93' lang='lat' dir='ltr'><strong>ll</strong></span> <span class='ocrx_word' id='word_1_57' title='bbox 463 1361 512 1418; x_wconf 81' lang='lat'><strong>92·</strong></span> <span class='ocrx_word' id='word_1_58' title='bbox 532 1344 770 1420; x_wconf 65' lang='lat' dir='ltr'><strong>Tusc.1117.‚V</strong></span> <span class='ocrx_word' id='word_1_59' title='bbox 788 1342 839 1420; x_wconf 85' lang='lat'><strong>27]</strong></span> <span class='ocrx_word' id='word_1_60' title='bbox 863 1344 996 1419; x_wconf 90' lang='lat' dir='ltr'><strong>Epicuro</strong></span> <span class='ocrx_word' id='word_1_61' title='bbox 1019 1344 1121 1402; x_wconf 89' lang='lat' dir='ltr'><strong>tribuit</strong></span> <span class='ocrx_word' id='word_1_62' title='bbox 1128 1339 1149 1412; x_wconf 83' lang='lat'><strong>1,</strong></span> <span class='ocrx_word' id='word_1_63' title='bbox 1172 1345 1280 1400; x_wconf 89' lang='lat' dir='ltr'><strong>mirum</strong></span> <span class='ocrx_word' id='word_1_64' title='bbox 1295 1363 1356 1402; x_wconf 88' lang='lat' dir='ltr'><strong>non</strong></span> <span class='ocrx_word' id='word_1_65' title='bbox 1373 1354 1428 1404; x_wconf 85' lang='lat' dir='ltr'><strong>est.</strong></span> <span class='ocrx_word' id='word_1_66' title='bbox 1463 1343 1563 1416; x_wconf 90' lang='lat' dir='ltr'><strong>Quam</strong></span> 
     </span>
     <span class='ocr_line' id='line_1_8' title="bbox 420 1444 1562 1520; baseline -0.001 -17"><span class='ocrx_word' id='word_1_67' title='bbox 420 1447 460 1504; x_wconf 93' lang='lat' dir='ltr'><strong>ob</strong></span> <span class='ocrx_word' id='word_1_68' title='bbox 493 1464 555 1503; x_wconf 92' lang='lat' dir='ltr'><strong>rem</strong></span> <span class='ocrx_word' id='word_1_69' title='bbox 589 1454 693 1503; x_wconf 91' lang='lat' dir='ltr'><strong>autem</strong></span> <span class='ocrx_word' id='word_1_70' title='bbox 715 1445 839 1502; x_wconf 89' lang='lat' dir='ltr'><strong>omnino</strong></span> <span class='ocrx_word' id='word_1_71' title='bbox 867 1444 916 1502; x_wconf 93' lang='lat' dir='ltr'><strong>hic</strong></span> <span class='ocrx_word' id='word_1_72' title='bbox 943 1447 1099 1520; x_wconf 87' lang='lat' dir='ltr'><strong>catalogus</strong></span> <span class='ocrx_word' id='word_1_73' title='bbox 1131 1446 1318 1520; x_wconf 90' lang='lat' dir='ltr'><strong>compositus</strong></span> <span class='ocrx_word' id='word_1_74' title='bbox 1341 1445 1389 1513; x_wconf 86' lang='lat' dir='ltr'><strong>sit,</strong></span> <span class='ocrx_word' id='word_1_75' title='bbox 1422 1445 1562 1502; x_wconf 90' lang='lat' dir='ltr'><strong>aGellio</strong></span> 
     </span>
     <span class='ocr_line' id='line_1_9' title="bbox 419 1544 1561 1621; baseline -0.002 -17"><span class='ocrx_word' id='word_1_76' title='bbox 419 1546 608 1621; x_wconf 87' lang='lat' dir='ltr'><strong>apertissime</strong></span> <span class='ocrx_word' id='word_1_77' title='bbox 636 1546 782 1603; x_wconf 86' lang='lat' dir='ltr'><strong>traditum</strong></span> <span class='ocrx_word' id='word_1_78' title='bbox 816 1553 870 1604; x_wconf 88' lang='lat' dir='ltr'><strong>est.</strong></span> <span class='ocrx_word' id='word_1_79' title='bbox 905 1544 1100 1621; x_wconf 91' lang='lat' dir='ltr'><strong>Polyphonus</strong></span> <span class='ocrx_word' id='word_1_80' title='bbox 1122 1562 1183 1602; x_wconf 90' lang='lat' dir='ltr'><strong>non</strong></span> <span class='ocrx_word' id='word_1_81' title='bbox 1204 1545 1374 1621; x_wconf 73' lang='lat' dir='ltr'><strong>polydorus</strong></span> <span class='ocrx_word' id='word_1_82' title='bbox 1404 1544 1491 1604; x_wconf 88' lang='lat' dir='ltr'><strong>Plato</strong></span> <span class='ocrx_word' id='word_1_83' title='bbox 1518 1545 1561 1602; x_wconf 89' lang='lat' dir='ltr'><strong>ita</strong></span> 
     </span>
     <span class='ocr_line' id='line_1_10' title="bbox 420 1644 1562 1723; baseline 0 -19"><span class='ocrx_word' id='word_1_84' title='bbox 420 1649 460 1704; x_wconf 91' lang='lat' dir='ltr'><strong>de</strong></span> <span class='ocrx_word' id='word_1_85' title='bbox 483 1647 639 1723; x_wconf 86' lang='lat' dir='ltr'><strong>voluptate</strong></span> <span class='ocrx_word' id='word_1_86' title='bbox 663 1646 792 1723; x_wconf 85' lang='lat' dir='ltr'><strong>dixerat,</strong></span> <span class='ocrx_word' id='word_1_87' title='bbox 824 1654 858 1703; x_wconf 91' lang='lat' dir='ltr'><strong>ut</strong></span> <span class='ocrx_word' id='word_1_88' title='bbox 890 1646 997 1722; x_wconf 91' lang='lat' dir='ltr'><strong>reliqui</strong></span> <span class='ocrx_word' id='word_1_89' title='bbox 1022 1645 1195 1721; x_wconf 92' lang='lat' dir='ltr'><strong>philosophi</strong></span> <span class='ocrx_word' id='word_1_90' title='bbox 1221 1644 1293 1702; x_wconf 91' lang='lat' dir='ltr'><strong>nihil</strong></span> <span class='ocrx_word' id='word_1_91' title='bbox 1321 1646 1392 1702; x_wconf 92' lang='lat' dir='ltr'><strong>novi</strong></span> <span class='ocrx_word' id='word_1_92' title='bbox 1424 1647 1562 1705; x_wconf 87' lang='lat' dir='ltr'><strong>attulisse</strong></span> 
     </span>
     <span class='ocr_line' id='line_1_11' title="bbox 423 1744 1563 1823; baseline -0.002 -19"><span class='ocrx_word' id='word_1_93' title='bbox 423 1751 604 1806; x_wconf 88' lang='lat' dir='ltr'><strong>viderentur.</strong></span> <span class='ocrx_word' id='word_1_94' title='bbox 642 1746 736 1819; x_wconf 92' lang='lat' dir='ltr'><strong>Quod</strong></span> <span class='ocrx_word' id='word_1_95' title='bbox 765 1764 835 1804; x_wconf 92' lang='lat' dir='ltr'><strong>cum</strong></span> <span class='ocrx_word' id='word_1_96' title='bbox 868 1749 998 1803; x_wconf 88' lang='lat' dir='ltr'><strong>sciamus</strong></span> <span class='ocrx_word' id='word_1_97' title='bbox 1031 1747 1070 1803; x_wconf 90' lang='lat' dir='ltr'><strong>ab</strong></span> <span class='ocrx_word' id='word_1_98' title='bbox 1098 1744 1250 1803; x_wconf 87' lang='lat' dir='ltr'><strong>Antiocho</strong></span> <span class='ocrx_word' id='word_1_99' title='bbox 1283 1746 1451 1803; x_wconf 90' lang='lat' dir='ltr'><strong>institutum</strong></span> <span class='ocrx_word' id='word_1_100' title='bbox 1484 1764 1563 1823; x_wconf 87' lang='lat' dir='ltr'><strong>esse,</strong></span> 
     </span>
     <span class='ocr_line' id='line_1_12' title="bbox 422 1847 1562 1924; baseline 0.001 -18"><span class='ocrx_word' id='word_1_101' title='bbox 422 1867 512 1924; x_wconf 90' lang='lat' dir='ltr'><strong>quem</strong></span> <span class='ocrx_word' id='word_1_102' title='bbox 535 1849 664 1906; x_wconf 89' lang='lat' dir='ltr'><strong>vidimus</strong></span> <span class='ocrx_word' id='word_1_103' title='bbox 688 1847 739 1904; x_wconf 93' lang='lat' dir='ltr'><strong>illo</strong></span> <span class='ocrx_word' id='word_1_104' title='bbox 762 1847 904 1922; x_wconf 86' lang='lat' dir='ltr'><strong>catalogo</strong></span> <span class='ocrx_word' id='word_1_105' title='bbox 927 1847 1145 1904; x_wconf 86' lang='lat' dir='ltr'><strong>sententiamm</strong></span> <span class='ocrx_word' id='word_1_106' title='bbox 1167 1847 1206 1902; x_wconf 93' lang='lat' dir='ltr'><strong>de</strong></span> <span class='ocrx_word' id='word_1_107' title='bbox 1230 1847 1451 1905; x_wconf 90' lang='lat' dir='ltr'><strong>summobono</strong></span> <span class='ocrx_word' id='word_1_108' title='bbox 1474 1866 1562 1907; x_wconf 90' lang='lat' dir='ltr'><strong>usum</strong></span> 
     </span>
     <span class='ocr_line' id='line_1_13' title="bbox 423 1946 1562 2026; baseline 0.001 -20"><span class='ocrx_word' id='word_1_109' title='bbox 423 1968 502 2026; x_wconf 84' lang='lat' dir='ltr'><strong>esse,</strong></span> <span class='ocrx_word' id='word_1_110' title='bbox 527 1950 576 2025; x_wconf 92' lang='lat' dir='ltr'><strong>qui</strong></span> <span class='ocrx_word' id='word_1_111' title='bbox 599 1969 618 2006; x_wconf 88' lang='lat' dir='ltr'><strong>a</strong></span> <span class='ocrx_word' id='word_1_112' title='bbox 638 1948 786 2006; x_wconf 88' lang='lat' dir='ltr'><strong>Cicerone</strong></span> <span class='ocrx_word' id='word_1_113' title='bbox 809 1949 938 2006; x_wconf 88' lang='lat' dir='ltr'><strong>traditus</strong></span> <span class='ocrx_word' id='word_1_114' title='bbox 961 1957 1017 2016; x_wconf 91' lang='lat' dir='ltr'><strong>est,</strong></span> <span class='ocrx_word' id='word_1_115' title='bbox 1050 1946 1294 2004; x_wconf 90' lang='lat' dir='ltr'><strong>verisimillimum</strong></span> <span class='ocrx_word' id='word_1_116' title='bbox 1316 1955 1363 2004; x_wconf 90' lang='lat' dir='ltr'><strong>est</strong></span> <span class='ocrx_word' id='word_1_117' title='bbox 1385 1947 1465 2006; x_wconf 90' lang='lat' dir='ltr'><strong>hunc</strong></span> <span class='ocrx_word' id='word_1_118' title='bbox 1487 1967 1562 2024; x_wconf 94' lang='lat' dir='ltr'><strong>quo-</strong></span> 
     </span>
     <span class='ocr_line' id='line_1_14' title="bbox 420 2046 1560 2126; baseline 0.003 -19"><span class='ocrx_word' id='word_1_119' title='bbox 420 2068 479 2126; x_wconf 92' lang='lat' dir='ltr'><strong>que</strong></span> <span class='ocrx_word' id='word_1_120' title='bbox 503 2051 542 2107; x_wconf 88' lang='lat' dir='ltr'><strong>de</strong></span> <span class='ocrx_word' id='word_1_121' title='bbox 566 2049 723 2124; x_wconf 88' lang='lat' dir='ltr'><strong>voluptate</strong></span> <span class='ocrx_word' id='word_1_122' title='bbox 747 2049 920 2123; x_wconf 86' lang='lat' dir='ltr'><strong>catalogum</strong></span> <span class='ocrx_word' id='word_1_123' title='bbox 943 2049 985 2106; x_wconf 90' lang='lat' dir='ltr'><strong>ad</strong></span> <span class='ocrx_word' id='word_1_124' title='bbox 1007 2048 1140 2106; x_wconf 90' lang='lat' dir='ltr'><strong>eundem</strong></span> <span class='ocrx_word' id='word_1_125' title='bbox 1158 2046 1345 2105; x_wconf 87' lang='lat' dir='ltr'><strong>Antiochum</strong></span> <span class='ocrx_word' id='word_1_126' title='bbox 1366 2049 1560 2110; x_wconf 82' lang='lat' dir='ltr'><strong>referendum</strong></span> 
     </span>
     <span class='ocr_line' id='line_1_15' title="bbox 419 2169 497 2209; baseline 0.026 -3"><span class='ocrx_word' id='word_1_127' title='bbox 419 2169 497 2209; x_wconf 88' lang='lat' dir='ltr'><strong>esse.</strong></span> 
     </span>
    </p>

    <p class='ocr_par' dir='ltr' id='par_1_2' title="bbox 415 2249 1562 3844">
     <span class='ocr_line' id='line_1_16' title="bbox 520 2249 1561 2327; baseline 0.002 -20"><span class='ocrx_word' id='word_1_128' title='bbox 520 2250 608 2308; x_wconf 88' lang='lat' dir='ltr'><strong>Nunc</strong></span> <span class='ocrx_word' id='word_1_129' title='bbox 643 2251 805 2307; x_wconf 89' lang='lat' dir='ltr'><strong>redeamus</strong></span> <span class='ocrx_word' id='word_1_130' title='bbox 837 2251 878 2307; x_wconf 92' lang='lat' dir='ltr'><strong>ad</strong></span> <span class='ocrx_word' id='word_1_131' title='bbox 912 2249 1081 2307; x_wconf 88' lang='lat' dir='ltr'><strong>sententias</strong></span> <span class='ocrx_word' id='word_1_132' title='bbox 1114 2251 1154 2307; x_wconf 92' lang='lat' dir='ltr'><strong>de</strong></span> <span class='ocrx_word' id='word_1_133' title='bbox 1175 2267 1293 2307; x_wconf 92' lang='lat' dir='ltr'><strong>summo</strong></span> <span class='ocrx_word' id='word_1_134' title='bbox 1316 2251 1409 2310; x_wconf 93' lang='lat' dir='ltr'><strong>bono.</strong></span> <span class='ocrx_word' id='word_1_135' title='bbox 1454 2251 1561 2327; x_wconf 85' lang='lat' dir='ltr'><strong>Neque</strong></span> 
     </span>
     <span class='ocr_line' id='line_1_17' title="bbox 420 2349 1558 2428; baseline 0.004 -21"><span class='ocrx_word' id='word_1_136' title='bbox 420 2351 710 2428; x_wconf 87' lang='lat' dir='ltr'><strong>praetermittendus</strong></span> <span class='ocrx_word' id='word_1_137' title='bbox 733 2361 780 2408; x_wconf 88' lang='lat' dir='ltr'><strong>est</strong></span> <span class='ocrx_word' id='word_1_138' title='bbox 802 2350 887 2408; x_wconf 91' lang='lat' dir='ltr'><strong>locus</strong></span> <span class='ocrx_word' id='word_1_139' title='bbox 910 2369 958 2424; x_wconf 90' lang='lat' dir='ltr'><strong>ap.</strong></span> <span class='ocrx_word' id='word_1_140' title='bbox 992 2350 1105 2410; x_wconf 90' lang='lat' dir='ltr'><strong>Euseh.</strong></span> <span class='ocrx_word' id='word_1_141' title='bbox 1130 2349 1178 2407; x_wconf 88' lang='lat' dir='ltr'><strong>Pr.</strong></span> <span class='ocrx_word' id='word_1_142' title='bbox 1206 2349 1261 2406; x_wconf 90' lang='lat' dir='ltr'><strong>Ev.</strong></span> <span class='ocrx_word' id='word_1_143' title='bbox 1284 2350 1327 2407; x_wconf 91' lang='lat' dir='ltr'><strong>XI</strong></span> <span class='ocrx_word' id='word_1_144' title='bbox 1348 2367 1368 2424; x_wconf 90' lang='lat'><strong>4</strong></span> <span class='ocrx_word' id='word_1_145' title='bbox 1390 2371 1419 2428; x_wconf 91' lang='lat' dir='ltr'><strong>p.</strong></span> <span class='ocrx_word' id='word_1_146' title='bbox 1437 2368 1493 2424; x_wconf 85' lang='lat'><strong>511</strong></span> <span class='ocrx_word' id='word_1_147' title='bbox 1519 2352 1558 2412; x_wconf 93' lang='lat' dir='ltr'><strong>D.</strong></span> 
     </span>
     <span class='ocr_line' id='line_1_18' title="bbox 421 2445 1559 2528; baseline 0.005 -19"><span class='ocrx_word' id='word_1_148' title='bbox 421 2451 653 2528; x_wconf 88' lang='lat' dir='ltr'><strong>[comparantur</strong></span> <span class='ocrx_word' id='word_1_149' title='bbox 663 2451 787 2514; x_wconf 86' lang='lat' dir='ltr'><strong>Ebraiei</strong></span> <span class='ocrx_word' id='word_1_150' title='bbox 799 2460 830 2508; x_wconf 87' lang='lat' dir='ltr'><strong>et</strong></span> <span class='ocrx_word' id='word_1_151' title='bbox 844 2445 1020 2528; x_wconf 90' lang='lat' dir='ltr'><strong>Platonici]:</strong></span> <span class='ocrx_word' id='word_1_152' title='bbox 1034 2445 1118 2511; x_wconf 66' lang='lat' dir='ltr'><strong>‘irtel</strong></span> <span class='ocrx_word' id='word_1_153' title='bbox 1132 2446 1185 2510; x_wconf 85' lang='grc' dir='ltr'><strong>καὶ</strong></span> <span class='ocrx_word' id='word_1_154' title='bbox 1199 2447 1294 2525; x_wconf 86' lang='grc' dir='ltr'>τέλος</span> <span class='ocrx_word' id='word_1_155' title='bbox 1309 2445 1439 2524; x_wconf 83' lang='grc' dir='ltr'>ἀγαθῶν</span> <span class='ocrx_word' id='word_1_156' title='bbox 1454 2453 1512 2514; x_wconf 85' lang='grc' dir='ltr'>τοῦ</span> <span class='ocrx_word' id='word_1_157' title='bbox 1524 2471 1559 2515; x_wconf 87' lang='grc' dir='ltr'><strong>τε</strong></span> 
     </span>
     <span class='ocr_line' id='line_1_19' title="bbox 419 2546 1558 2630; baseline 0.004 -17"><span class='ocrx_word' id='word_1_158' title='bbox 419 2549 583 2630; x_wconf 83' lang='grc' dir='ltr'>μακαρίως</span> <span class='ocrx_word' id='word_1_159' title='bbox 598 2551 655 2626; x_wconf 84' lang='grc' dir='ltr'><strong>ζῆν</strong></span> <span class='ocrx_word' id='word_1_160' title='bbox 667 2547 809 2612; x_wconf 90' lang='grc' dir='ltr'>ὕστατον</span> <span class='ocrx_word' id='word_1_161' title='bbox 825 2547 905 2626; x_wconf 88' lang='grc' dir='ltr'>ὅρον</span> <span class='ocrx_word' id='word_1_162' title='bbox 926 2548 985 2626; x_wconf 89' lang='grc' dir='ltr'><strong>τὴν</strong></span> <span class='ocrx_word' id='word_1_163' title='bbox 1008 2547 1177 2627; x_wconf 86' lang='grc' dir='ltr'>εὐσέβειαν</span> <span class='ocrx_word' id='word_1_164' title='bbox 1202 2546 1262 2626; x_wconf 84' lang='grc' dir='ltr'><strong>τήν</strong></span> <span class='ocrx_word' id='word_1_165' title='bbox 1283 2569 1318 2613; x_wconf 90' lang='grc' dir='ltr'><strong>τε</strong></span> <span class='ocrx_word' id='word_1_166' title='bbox 1340 2549 1394 2614; x_wconf 80' lang='grc' dir='ltr'><strong>διὰ</strong></span> <span class='ocrx_word' id='word_1_167' title='bbox 1414 2555 1473 2629; x_wconf 89' lang='grc' dir='ltr'><strong>τῆς</strong></span> <span class='ocrx_word' id='word_1_168' title='bbox 1494 2555 1558 2618; x_wconf 86' lang='grc' dir='ltr'><strong>τῶν</strong></span> 
     </span>
     <span class='ocr_line' id='line_1_20' title="bbox 418 2648 1560 2728; baseline 0.002 -15"><span class='ocrx_word' id='word_1_169' title='bbox 418 2649 508 2727; x_wconf 85' lang='grc' dir='ltr'>ἠθῶν</span> <span class='ocrx_word' id='word_1_170' title='bbox 530 2648 766 2728; x_wconf 83' lang='grc' dir='ltr'>κατορθώσεως</span> <span class='ocrx_word' id='word_1_171' title='bbox 797 2649 881 2728; x_wconf 87' lang='grc' dir='ltr'>πρὸς</span> <span class='ocrx_word' id='word_1_172' title='bbox 915 2649 972 2713; x_wconf 90' lang='grc' dir='ltr'><strong>τὸν</strong></span> <span class='ocrx_word' id='word_1_173' title='bbox 1006 2649 1081 2714; x_wconf 88' lang='grc' dir='ltr'>θεὸν</span> <span class='ocrx_word' id='word_1_174' title='bbox 1114 2648 1225 2728; x_wconf 82' lang='grc' dir='ltr'>φιλίαν</span> <span class='ocrx_word' id='word_1_175' title='bbox 1252 2649 1419 2728; x_wconf 79' lang='grc' dir='ltr'>ἠγάσαντο</span> <span class='ocrx_word' id='word_1_176' title='bbox 1451 2673 1486 2717; x_wconf 87' lang='grc' dir='ltr'><strong>τε</strong></span> <span class='ocrx_word' id='word_1_177' title='bbox 1509 2652 1560 2716; x_wconf 88' lang='grc' dir='ltr'><strong>καὶ</strong></span> 
     </span>
     <span class='ocr_line' id='line_1_21' title="bbox 421 2748 1558 2832; baseline 0.003 -17"><span class='ocrx_word' id='word_1_178' title='bbox 421 2749 622 2830; x_wconf 86' lang='grc' dir='ltr'>μετεδίωξαν,</span> <span class='ocrx_word' id='word_1_179' title='bbox 656 2748 724 2814; x_wconf 86' lang='grc' dir='ltr'>ἀλλ’</span> <span class='ocrx_word' id='word_1_180' title='bbox 758 2749 798 2814; x_wconf 88' lang='grc' dir='ltr'>οὐ</span> <span class='ocrx_word' id='word_1_181' title='bbox 832 2749 992 2828; x_wconf 87' lang='grc' dir='ltr'>σωμάτων</span> <span class='ocrx_word' id='word_1_182' title='bbox 1024 2748 1145 2827; x_wconf 86' lang='grc' dir='ltr'>ἡδονὴν</span> <span class='ocrx_word' id='word_1_183' title='bbox 1168 2748 1234 2814; x_wconf 85' lang='grc' dir='ltr'>κατ’</span> <span class='ocrx_word' id='word_1_184' title='bbox 1258 2749 1450 2832; x_wconf 86' lang='grc' dir='ltr'>Ἐπίκουρον</span> <span class='ocrx_word' id='word_1_185' title='bbox 1466 2769 1472 2782; x_wconf 94' lang='grc'>·</span> <span class='ocrx_word' id='word_1_186' title='bbox 1489 2751 1558 2818; x_wconf 81' lang='grc' dir='ltr'>οὐδ’</span> 
     </span>
     <span class='ocr_line' id='line_1_22' title="bbox 420 2849 1559 2934; baseline 0.002 -18"><span class='ocrx_word' id='word_1_187' title='bbox 420 2851 460 2916; x_wconf 84' lang='grc' dir='ltr'><strong>αὖ</strong></span> <span class='ocrx_word' id='word_1_188' title='bbox 493 2852 551 2930; x_wconf 91' lang='grc' dir='ltr'><strong>τὴν</strong></span> <span class='ocrx_word' id='word_1_189' title='bbox 585 2852 763 2930; x_wconf 83' lang='grc' dir='ltr'>τριγένειαν</span> <span class='ocrx_word' id='word_1_190' title='bbox 785 2854 851 2916; x_wconf 84' lang='grc' dir='ltr'><strong>τῶν</strong></span> <span class='ocrx_word' id='word_1_191' title='bbox 884 2849 1016 2926; x_wconf 86' lang='grc' dir='ltr'>ἀγαθῶν</span> <span class='ocrx_word' id='word_1_192' title='bbox 1049 2849 1115 2914; x_wconf 90' lang='grc' dir='ltr'>κατ’</span> <span class='ocrx_word' id='word_1_193' title='bbox 1149 2849 1392 2933; x_wconf 81' lang='grc' dir='ltr'>Ἀριστοτέλην,</span> <span class='ocrx_word' id='word_1_194' title='bbox 1425 2853 1465 2918; x_wconf 88' lang='grc' dir='ltr'><strong>τὰ</strong></span> <span class='ocrx_word' id='word_1_195' title='bbox 1486 2854 1559 2934; x_wconf 91' lang='grc' dir='ltr'>περὶ</span> 
     </span>
     <span class='ocr_line' id='line_1_23' title="bbox 419 2951 1560 3037; baseline 0.001 -18"><span class='ocrx_word' id='word_1_196' title='bbox 419 2958 515 3033; x_wconf 86' lang='grc' dir='ltr'>σῶμα</span> <span class='ocrx_word' id='word_1_197' title='bbox 536 2954 587 3017; x_wconf 87' lang='grc' dir='ltr'><strong>καὶ</strong></span> <span class='ocrx_word' id='word_1_198' title='bbox 607 2953 648 3017; x_wconf 92' lang='grc' dir='ltr'><strong>τὰ</strong></span> <span class='ocrx_word' id='word_1_199' title='bbox 670 2954 764 3032; x_wconf 83' lang='grc' dir='ltr'>ἐκτὸς</span> <span class='ocrx_word' id='word_1_200' title='bbox 789 2953 824 3017; x_wconf 83' lang='grc' dir='ltr'><strong>ἐν</strong></span> <span class='ocrx_word' id='word_1_201' title='bbox 845 2952 907 3037; x_wconf 84' lang='grc' dir='ltr'><strong>ἴσῳ</strong></span> <span class='ocrx_word' id='word_1_202' title='bbox 930 2955 999 3030; x_wconf 84' lang='grc' dir='ltr'>τοῖς</span> <span class='ocrx_word' id='word_1_203' title='bbox 1021 2955 1128 3031; x_wconf 87' lang='grc' dir='ltr'>ψυχῆς</span> <span class='ocrx_word' id='word_1_204' title='bbox 1156 2951 1289 3032; x_wconf 83' lang='grc' dir='ltr'>ἀγαθοῖς</span> <span class='ocrx_word' id='word_1_205' title='bbox 1312 2955 1560 3034; x_wconf 82' lang='grc' dir='ltr'>ἐκτετιμηκότα’</span> 
     </span>
     <span class='ocr_line' id='line_1_24' title="bbox 418 3052 1562 3137; baseline 0.002 -19"><span class='ocrx_word' id='word_1_206' title='bbox 418 3055 458 3119; x_wconf 87' lang='grc' dir='ltr'>οὐ</span> <span class='ocrx_word' id='word_1_207' title='bbox 481 3056 542 3134; x_wconf 89' lang='grc' dir='ltr'><strong>μὴν</strong></span> <span class='ocrx_word' id='word_1_208' title='bbox 565 3055 642 3119; x_wconf 81' lang='grc' dir='ltr'>οὐδὲ</span> <span class='ocrx_word' id='word_1_209' title='bbox 670 3055 729 3131; x_wconf 85' lang='grc' dir='ltr'><strong>τὴν</strong></span> <span class='ocrx_word' id='word_1_210' title='bbox 750 3053 890 3132; x_wconf 83' lang='grc' dir='ltr'>ἐσχάτην</span> <span class='ocrx_word' id='word_1_211' title='bbox 911 3052 1044 3130; x_wconf 86' lang='grc' dir='ltr'>ἄγνοιάν</span> <span class='ocrx_word' id='word_1_212' title='bbox 1065 3074 1100 3116; x_wconf 91' lang='grc' dir='ltr'><strong>τε</strong></span> <span class='ocrx_word' id='word_1_213' title='bbox 1123 3054 1175 3116; x_wconf 81' lang='grc' dir='ltr'><strong>καὶ</strong></span> <span class='ocrx_word' id='word_1_214' title='bbox 1197 3052 1345 3137; x_wconf 83' lang='grc' dir='ltr'>ἀμαθίαν,</span> <span class='ocrx_word' id='word_1_215' title='bbox 1364 3057 1404 3134; x_wconf 84' lang='grc' dir='ltr'><strong>ἢν</strong></span> <span class='ocrx_word' id='word_1_216' title='bbox 1427 3055 1562 3135; x_wconf 90' lang='grc' dir='ltr'>ὀνόματι</span> 
     </span>
     <span class='ocr_line' id='line_1_25' title="bbox 418 3156 1561 3240; baseline 0.003 -19"><span class='ocrx_word' id='word_1_217' title='bbox 418 3156 604 3239; x_wconf 87' lang='grc' dir='ltr'>σεμνοτέρῳ</span> <span class='ocrx_word' id='word_1_218' title='bbox 626 3156 711 3234; x_wconf 83' lang='grc' dir='ltr'>τινὲς</span> <span class='ocrx_word' id='word_1_219' title='bbox 736 3156 857 3234; x_wconf 86' lang='grc' dir='ltr'>ἐποχὴν</span> <span class='ocrx_word' id='word_1_220' title='bbox 879 3156 1085 3236; x_wconf 86' lang='grc' dir='ltr'>ἀνειρήκασιν</span> <span class='ocrx_word' id='word_1_221' title='bbox 1102 3173 1108 3186; x_wconf 92' lang='grc'>·</span> <span class='ocrx_word' id='word_1_222' title='bbox 1125 3156 1194 3222; x_wconf 89' lang='grc' dir='ltr'>ἀλλ’</span> <span class='ocrx_word' id='word_1_223' title='bbox 1218 3158 1286 3224; x_wconf 81' lang='grc' dir='ltr'>οὐδ’</span> <span class='ocrx_word' id='word_1_224' title='bbox 1311 3159 1351 3224; x_wconf 85' lang='grc' dir='ltr'><strong>αὖ</strong></span> <span class='ocrx_word' id='word_1_225' title='bbox 1374 3167 1432 3240; x_wconf 86' lang='grc' dir='ltr'><strong>τῆς</strong></span> <span class='ocrx_word' id='word_1_226' title='bbox 1455 3164 1561 3240; x_wconf 86' lang='grc' dir='ltr'>ψυχῆς</span> 
     </span>
     <span class='ocr_line' id='line_1_26' title="bbox 417 3245 1561 3334; baseline 0.002 -13"><span class='ocrx_word' id='word_1_227' title='bbox 417 3257 475 3334; x_wconf 88' lang='grc' dir='ltr'><strong>τὴν</strong></span> <span class='ocrx_word' id='word_1_228' title='bbox 497 3255 615 3334; x_wconf 86' lang='grc' dir='ltr'>ἀρετὴν</span> <span class='ocrx_word' id='word_1_229' title='bbox 634 3245 771 3321; x_wconf 75' lang='grc' dir='ltr'>κ.τ.λ.’</span> <span class='ocrx_word' id='word_1_230' title='bbox 801 3260 969 3318; x_wconf 89' lang='lat' dir='ltr'><strong>Eusebium</strong></span> <span class='ocrx_word' id='word_1_231' title='bbox 998 3262 1079 3319; x_wconf 93' lang='lat' dir='ltr'><strong>hunc</strong></span> <span class='ocrx_word' id='word_1_232' title='bbox 1105 3261 1204 3319; x_wconf 92' lang='lat' dir='ltr'><strong>locum</strong></span> <span class='ocrx_word' id='word_1_233' title='bbox 1236 3280 1273 3319; x_wconf 88' lang='lat' dir='ltr'><strong>ex</strong></span> <span class='ocrx_word' id='word_1_234' title='bbox 1304 3263 1459 3322; x_wconf 82' lang='lat' dir='ltr'><strong>Art&#39;sloclis</strong></span> <span class='ocrx_word' id='word_1_235' title='bbox 1481 3266 1561 3324; x_wconf 90' lang='lat' dir='ltr'><strong>libris</strong></span> 
     </span>
     <span class='ocr_line' id='line_1_27' title="bbox 415 3346 1562 3439; baseline 0.002 -17"><span class='ocrx_word' id='word_1_236' title='bbox 415 3351 500 3437; x_wconf 63' lang='lat' dir='ltr'><strong>‘tropi</strong></span> <span class='ocrx_word' id='word_1_237' title='bbox 521 3346 738 3437; x_wconf 72' lang='lat' dir='ltr'><strong>pthoooqiiuq&#39;</strong></span> <span class='ocrx_word' id='word_1_238' title='bbox 776 3362 889 3437; x_wconf 90' lang='lat' dir='ltr'><strong>petisse</strong></span> <span class='ocrx_word' id='word_1_239' title='bbox 912 3381 1010 3437; x_wconf 90' lang='lat' dir='ltr'><strong>aeque</strong></span> <span class='ocrx_word' id='word_1_240' title='bbox 1033 3381 1070 3420; x_wconf 90' lang='lat' dir='ltr'><strong>ac</strong></span> <span class='ocrx_word' id='word_1_241' title='bbox 1092 3371 1191 3420; x_wconf 88' lang='lat' dir='ltr'><strong>totum</strong></span> <span class='ocrx_word' id='word_1_242' title='bbox 1214 3373 1306 3439; x_wconf 91' lang='lat' dir='ltr'><strong>caput</strong></span> <span class='ocrx_word' id='word_1_243' title='bbox 1330 3366 1451 3424; x_wconf 90' lang='lat' dir='ltr'><strong>tertium</strong></span> <span class='ocrx_word' id='word_1_244' title='bbox 1473 3369 1562 3424; x_wconf 88' lang='lat' dir='ltr'><strong>valde</strong></span> 
     </span>
     <span class='ocr_line' id='line_1_28' title="bbox 418 3462 1562 3544; baseline 0.003 -24"><span class='ocrx_word' id='word_1_245' title='bbox 418 3462 581 3522; x_wconf 87' lang='lat' dir='ltr'><strong>verisimile</strong></span> <span class='ocrx_word' id='word_1_246' title='bbox 606 3462 679 3520; x_wconf 90' lang='lat' dir='ltr'><strong>mihi</strong></span> <span class='ocrx_word' id='word_1_247' title='bbox 701 3464 829 3521; x_wconf 90' lang='lat' dir='ltr'><strong>videtur.</strong></span> <span class='ocrx_word' id='word_1_248' title='bbox 856 3465 1038 3522; x_wconf 86' lang='lat' dir='ltr'><strong>Aristoclem</strong></span> <span class='ocrx_word' id='word_1_249' title='bbox 1059 3473 1162 3522; x_wconf 86' lang='lat' dir='ltr'><strong>autem</strong></span> <span class='ocrx_word' id='word_1_250' title='bbox 1184 3483 1222 3522; x_wconf 91' lang='lat' dir='ltr'><strong>eo</strong></span> <span class='ocrx_word' id='word_1_251' title='bbox 1246 3467 1371 3524; x_wconf 90' lang='lat' dir='ltr'><strong>consilio</strong></span> <span class='ocrx_word' id='word_1_252' title='bbox 1394 3468 1562 3544; x_wconf 68' lang='lat' dir='ltr'><strong>scripsisse,</strong></span> 
     </span>
     <span class='ocr_line' id='line_1_29' title="bbox 420 3563 1562 3648; baseline 0.004 -25"><span class='ocrx_word' id='word_1_253' title='bbox 420 3575 454 3623; x_wconf 89' lang='lat' dir='ltr'><strong>ut</strong></span> <span class='ocrx_word' id='word_1_254' title='bbox 477 3568 516 3624; x_wconf 92' lang='lat' dir='ltr'><strong>ab</strong></span> <span class='ocrx_word' id='word_1_255' title='bbox 539 3581 600 3620; x_wconf 93' lang='lat' dir='ltr'><strong>uno</strong></span> <span class='ocrx_word' id='word_1_256' title='bbox 622 3563 751 3621; x_wconf 88' lang='lat' dir='ltr'><strong>Platone</strong></span> <span class='ocrx_word' id='word_1_257' title='bbox 767 3572 882 3622; x_wconf 91' lang='lat' dir='ltr'><strong>rectam</strong></span> <span class='ocrx_word' id='word_1_258' title='bbox 896 3564 1120 3640; x_wconf 91' lang='lat' dir='ltr'><strong>philosophiam</strong></span> <span class='ocrx_word' id='word_1_259' title='bbox 1138 3583 1208 3624; x_wconf 90' lang='lat' dir='ltr'><strong>esse</strong></span> <span class='ocrx_word' id='word_1_260' title='bbox 1223 3566 1393 3626; x_wconf 89' lang='lat' dir='ltr'><strong>institutam</strong></span> <span class='ocrx_word' id='word_1_261' title='bbox 1409 3570 1562 3648; x_wconf 87' lang='lat' dir='ltr'><strong>probaret,</strong></span> 
     </span>
     <span class='ocr_line' id='line_1_30' title="bbox 419 3657 1562 3730; baseline 0.005 -6"><span class='ocrx_word' id='word_1_262' title='bbox 419 3668 493 3724; x_wconf 90' lang='lat' dir='ltr'><strong>satis</strong></span> <span class='ocrx_word' id='word_1_263' title='bbox 517 3667 710 3724; x_wconf 89' lang='lat' dir='ltr'><strong>demonstrat</strong></span> <span class='ocrx_word' id='word_1_264' title='bbox 732 3665 885 3724; x_wconf 88' lang='lat' dir='ltr'><strong>Eusebius</strong></span> <span class='ocrx_word' id='word_1_265' title='bbox 900 3657 980 3724; x_wconf 68' lang='lat' dir='ltr'><strong>&#39;locis</strong></span> <span class='ocrx_word' id='word_1_266' title='bbox 1003 3685 1042 3724; x_wconf 85' lang='lat' dir='ltr'><strong>ex</strong></span> <span class='ocrx_word' id='word_1_267' title='bbox 1064 3667 1141 3724; x_wconf 91' lang='lat' dir='ltr'><strong>illius</strong></span> <span class='ocrx_word' id='word_1_268' title='bbox 1164 3667 1246 3726; x_wconf 92' lang='lat' dir='ltr'><strong>libris</strong></span> <span class='ocrx_word' id='word_1_269' title='bbox 1269 3669 1374 3727; x_wconf 82' lang='lat' dir='ltr'><strong>allatis,</strong></span> <span class='ocrx_word' id='word_1_270' title='bbox 1412 3670 1562 3730; x_wconf 89' lang='lat' dir='ltr'><strong>Videmus</strong></span> 
     </span>
     <span class='ocr_line' id='line_1_31' title="bbox 421 3765 1443 3844; baseline 0.009 -20"><span class='ocrx_word' id='word_1_271' title='bbox 421 3769 510 3842; x_wconf 86' lang='lat' dir='ltr'><strong>igitur</strong></span> <span class='ocrx_word' id='word_1_272' title='bbox 531 3765 714 3825; x_wconf 88' lang='lat' dir='ltr'><strong>Aristoclem</strong></span> <span class='ocrx_word' id='word_1_273' title='bbox 734 3785 798 3824; x_wconf 93' lang='lat' dir='ltr'><strong>non</strong></span> <span class='ocrx_word' id='word_1_274' title='bbox 820 3767 980 3825; x_wconf 91' lang='lat' dir='ltr'><strong>consilium</strong></span> <span class='ocrx_word' id='word_1_275' title='bbox 1002 3769 1099 3826; x_wconf 92' lang='lat' dir='ltr'><strong>solum</strong></span> <span class='ocrx_word' id='word_1_276' title='bbox 1120 3769 1268 3844; x_wconf 86' lang='lat' dir='ltr'><strong>probasse</strong></span> <span class='ocrx_word' id='word_1_277' title='bbox 1290 3770 1443 3832; x_wconf 87' lang='lat' dir='ltr'><strong>Antiochi.</strong></span> 
     </span>
    </p>

    <p class='ocr_par' dir='ltr' id='par_1_3' title="bbox 373 3868 1563 4354">
     <span class='ocr_line' id='line_1_32' title="bbox 519 3868 1563 3948; baseline 0.007 -23"><span class='ocrx_word' id='word_1_278' title='bbox 519 3869 581 3926; x_wconf 91' lang='lat' dir='ltr'><strong>Sed</strong></span> <span class='ocrx_word' id='word_1_279' title='bbox 596 3869 687 3926; x_wconf 90' lang='lat' dir='ltr'><strong>finem</strong></span> <span class='ocrx_word' id='word_1_280' title='bbox 703 3868 858 3928; x_wconf 78' lang='lat' dir='ltr'><strong>iaciamus.</strong></span> <span class='ocrx_word' id='word_1_281' title='bbox 882 3869 947 3927; x_wconf 90' lang='lat' dir='ltr'><strong>Iam</strong></span> <span class='ocrx_word' id='word_1_282' title='bbox 963 3870 1043 3926; x_wconf 89' lang='lat' dir='ltr'><strong>enim</strong></span> <span class='ocrx_word' id='word_1_283' title='bbox 1059 3869 1161 3926; x_wconf 90' lang='lat' dir='ltr'><strong>videre</strong></span> <span class='ocrx_word' id='word_1_284' title='bbox 1179 3887 1351 3946; x_wconf 88' lang='lat' dir='ltr'><strong>possumus,</strong></span> <span class='ocrx_word' id='word_1_285' title='bbox 1374 3890 1452 3948; x_wconf 91' lang='lat' dir='ltr'><strong>quae</strong></span> <span class='ocrx_word' id='word_1_286' title='bbox 1474 3874 1563 3932; x_wconf 89' lang='lat' dir='ltr'><strong>fuerit</strong></span> 
     </span>
     <span class='ocr_line' id='line_1_33' title="bbox 373 3955 1563 4050; baseline 0.002 -21"><span class='ocrx_word' id='word_1_287' title='bbox 373 3955 378 3966; x_wconf 71' lang='grc'>’</span> <span class='ocrx_word' id='word_1_288' title='bbox 421 3971 588 4029; x_wconf 87' lang='lat' dir='ltr'><strong>auctoritas</strong></span> <span class='ocrx_word' id='word_1_289' title='bbox 604 3969 748 4028; x_wconf 90' lang='lat' dir='ltr'><strong>Antiochi</strong></span> <span class='ocrx_word' id='word_1_290' title='bbox 767 3972 851 4045; x_wconf 92' lang='lat' dir='ltr'><strong>apud</strong></span> <span class='ocrx_word' id='word_1_291' title='bbox 868 3979 1020 4048; x_wconf 60' lang='lat' dir='ltr'><strong>posteros</strong></span> <span class='ocrx_word' id='word_1_292' title='bbox 1037 3989 1115 4047; x_wconf 91' lang='lat' dir='ltr'><strong>quae</strong></span> <span class='ocrx_word' id='word_1_293' title='bbox 1130 3971 1219 4029; x_wconf 83' lang='lat' dir='ltr'><strong>fuerit</strong></span> <span class='ocrx_word' id='word_1_294' title='bbox 1235 3973 1311 4029; x_wconf 87' lang='lat' dir='ltr'><strong>ratio</strong></span> <span class='ocrx_word' id='word_1_295' title='bbox 1327 3973 1563 4050; x_wconf 90' lang='lat' dir='ltr'><strong>philosophandi</strong></span> 
     </span>
     <span class='ocr_line' id='line_1_34' title="bbox 418 4070 1561 4152; baseline 0.003 -23"><span class='ocrx_word' id='word_1_296' title='bbox 418 4074 457 4129; x_wconf 90' lang='lat' dir='ltr'><strong>ab</strong></span> <span class='ocrx_word' id='word_1_297' title='bbox 479 4073 531 4131; x_wconf 93' lang='lat' dir='ltr'><strong>illo</strong></span> <span class='ocrx_word' id='word_1_298' title='bbox 552 4073 700 4133; x_wconf 90' lang='lat' dir='ltr'><strong>adhihita.</strong></span> <span class='ocrx_word' id='word_1_299' title='bbox 735 4070 814 4129; x_wconf 89' lang='lat' dir='ltr'><strong>Nam</strong></span> <span class='ocrx_word' id='word_1_300' title='bbox 835 4073 860 4130; x_wconf 90' lang='lat' dir='ltr'><strong>si</strong></span> <span class='ocrx_word' id='word_1_301' title='bbox 882 4071 978 4130; x_wconf 87' lang='lat' dir='ltr'><strong>Cicer.</strong></span> <span class='ocrx_word' id='word_1_302' title='bbox 1002 4073 1099 4131; x_wconf 87' lang='lat' dir='ltr'><strong>Acad.</strong></span> <span class='ocrx_word' id='word_1_303' title='bbox 1121 4073 1150 4129; x_wconf 94' lang='lat' dir='ltr'><strong>ll</strong></span> <span class='ocrx_word' id='word_1_304' title='bbox 1166 4073 1330 4132; x_wconf 89' lang='lat' dir='ltr'><strong>evolvimus</strong></span> <span class='ocrx_word' id='word_1_305' title='bbox 1352 4075 1453 4152; x_wconf 91' lang='lat' dir='ltr'><strong>ibique</strong></span> <span class='ocrx_word' id='word_1_306' title='bbox 1469 4072 1486 4150; x_wconf 67' lang='grc' dir='ltr'>ξ</span> <span class='ocrx_word' id='word_1_307' title='bbox 1505 4075 1561 4132; x_wconf 89' lang='lat'><strong>118</strong></span> 
     </span>
     <span class='ocr_line' id='line_1_35' title="bbox 418 4174 1561 4252; baseline 0.001 -21"><span class='ocrx_word' id='word_1_308' title='bbox 418 4175 511 4232; x_wconf 90' lang='lat' dir='ltr'><strong>etiam</strong></span> <span class='ocrx_word' id='word_1_309' title='bbox 532 4175 615 4232; x_wconf 92' lang='lat' dir='ltr'><strong>illum</strong></span> <span class='ocrx_word' id='word_1_310' title='bbox 636 4174 811 4249; x_wconf 88' lang='lat' dir='ltr'><strong>catalogum</strong></span> <span class='ocrx_word' id='word_1_311' title='bbox 833 4175 874 4230; x_wconf 90' lang='lat' dir='ltr'><strong>de</strong></span> <span class='ocrx_word' id='word_1_312' title='bbox 904 4174 1097 4231; x_wconf 90' lang='lat' dir='ltr'><strong>dissensione</strong></span> <span class='ocrx_word' id='word_1_313' title='bbox 1118 4174 1368 4250; x_wconf 91' lang='lat' dir='ltr'><strong>philosophorum</strong></span> <span class='ocrx_word' id='word_1_314' title='bbox 1398 4177 1428 4233; x_wconf 90' lang='lat' dir='ltr'><strong>in</strong></span> <span class='ocrx_word' id='word_1_315' title='bbox 1451 4177 1561 4252; x_wconf 86' lang='lat' dir='ltr'><strong>princi·</strong></span> 
     </span>
     <span class='ocr_line' id='line_1_36' title="bbox 417 4273 1562 4354; baseline 0.002 -23"><span class='ocrx_word' id='word_1_316' title='bbox 417 4276 475 4350; x_wconf 90' lang='lat' dir='ltr'><strong>piis</strong></span> <span class='ocrx_word' id='word_1_317' title='bbox 490 4275 669 4353; x_wconf 84' lang='lat' dir='ltr'><strong>invenimus,</strong></span> <span class='ocrx_word' id='word_1_318' title='bbox 697 4292 788 4350; x_wconf 90' lang='lat' dir='ltr'><strong>quem</strong></span> <span class='ocrx_word' id='word_1_319' title='bbox 805 4273 888 4332; x_wconf 91' lang='lat' dir='ltr'><strong>Diels</strong></span> <span class='ocrx_word' id='word_1_320' title='bbox 906 4273 1056 4350; x_wconf 83' lang='lat' dir='ltr'><strong>[Doxogr.</strong></span> <span class='ocrx_word' id='word_1_321' title='bbox 1071 4294 1102 4350; x_wconf 91' lang='lat' dir='ltr'><strong>p.</strong></span> <span class='ocrx_word' id='word_1_322' title='bbox 1123 4291 1179 4349; x_wconf 85' lang='lat'><strong>119</strong></span> <span class='ocrx_word' id='word_1_323' title='bbox 1195 4275 1255 4351; x_wconf 92' lang='lat' dir='ltr'><strong>sq]</strong></span> <span class='ocrx_word' id='word_1_324' title='bbox 1280 4275 1481 4354; x_wconf 90' lang='lat' dir='ltr'><strong>Clitomach0‚</strong></span> <span class='ocrx_word' id='word_1_325' title='bbox 1504 4294 1562 4334; x_wconf 89' lang='lat' dir='ltr'><strong>nos</strong></span> 
     </span>
    </p>
   </div>
   <div class='ocr_carea' id='block_1_2' title="bbox 416 4505 1563 4652">
    <p class='ocr_par' dir='ltr' id='par_1_4' title="bbox 416 4505 1563 4652">
     <span class='ocr_line' id='line_1_37' title="bbox 517 4505 1563 4580; baseline 0.003 -22"><span class='ocrx_word' id='word_1_326' title='bbox 517 4505 634 4559; x_wconf 86' lang='lat' dir='ltr'><strong>¹Recte</strong></span> <span class='ocrx_word' id='word_1_327' title='bbox 659 4511 760 4576; x_wconf 87' lang='lat' dir='ltr'><strong>tribuit,</strong></span> <span class='ocrx_word' id='word_1_328' title='bbox 787 4517 816 4562; x_wconf 92' lang='lat' dir='ltr'><strong>ut</strong></span> <span class='ocrx_word' id='word_1_329' title='bbox 838 4511 929 4561; x_wconf 91' lang='lat' dir='ltr'><strong>docuit</strong></span> <span class='ocrx_word' id='word_1_330' title='bbox 954 4527 996 4562; x_wconf 87' lang='lat' dir='ltr'><strong>me</strong></span> <span class='ocrx_word' id='word_1_331' title='bbox 1016 4512 1121 4562; x_wconf 89' lang='lat' dir='ltr'><strong>Vsener</strong></span> <span class='ocrx_word' id='word_1_332' title='bbox 1133 4527 1140 4571; x_wconf 71' lang='lat'>5</span> <span class='ocrx_word' id='word_1_333' title='bbox 1171 4511 1228 4579; x_wconf 89' lang='lat' dir='ltr'><strong>ipsa</strong></span> <span class='ocrx_word' id='word_1_334' title='bbox 1255 4511 1323 4561; x_wconf 90' lang='lat' dir='ltr'><strong>enim</strong></span> <span class='ocrx_word' id='word_1_335' title='bbox 1348 4511 1457 4580; x_wconf 86' lang='lat' dir='ltr'><strong>Epicuri</strong></span> <span class='ocrx_word' id='word_1_336' title='bbox 1481 4511 1563 4562; x_wconf 86' lang='lat' dir='ltr'><strong>verba</strong></span> 
     </span>
     <span class='ocr_line' id='line_1_38' title="bbox 416 4597 743 4652; baseline 0.006 -4"><span class='ocrx_word' id='word_1_337' title='bbox 416 4597 586 4648; x_wconf 87' lang='lat' dir='ltr'><strong>Metrodorus</strong></span> <span class='ocrx_word' id='word_1_338' title='bbox 606 4614 655 4649; x_wconf 89' lang='lat' dir='ltr'><strong>sua</strong></span> <span class='ocrx_word' id='word_1_339' title='bbox 673 4599 743 4652; x_wconf 79' lang='lat' dir='ltr'><strong>tecit.</strong></span> 
     </span>
    </p>
   </div>
   <div class='ocr_carea' id='block_1_3' title="bbox 0 0 1788 5406">
    <p class='ocr_par' dir='ltr' id='par_1_5' title="bbox 0 0 1788 5406">
     <span class='ocr_line' id='line_1_39' title="bbox 0 0 1788 5406; baseline 0 1"><span class='ocrx_word' id='word_1_340' title='bbox 0 0 1788 5406; x_wconf 95' lang='lat' dir='ltr'><strong> </strong></span> 
     </span>
    </p>
   </div>
  </div>
 </body>
</html>
