3566 5406
668 529 872 572 ...H-

301 698 390 759 Nunc
413 699 571 756 videamus
593 699 669 757 alios
691 700 785 770 locos,
809 701 918 774 quibus
932 697 1039 758 Cicero
1058 698 1233 758 Carneadia
1254 717 1347 775 quam

203 803 276 862 dicit
298 801 447 861 divisione
475 817 548 857 usus
570 799 756 857 Antiochum
785 809 907 858 secutus
934 817 1002 857 esse
1028 800 1182 877 probetur.
1233 801 1346 858 Evolve

201 922 319 983 quaeso
342 902 468 960 Tuscul.
490 902 569 976 disp.
585 900 614 957 V
635 899 723 974 584:
754 889 849 959 ‘Sunt
871 910 975 960 autem
996 902 1074 960 haec
1097 903 1137 959 de
1159 900 1279 978 finibus,
1313 908 1346 959 ut

201 1007 319 1084 opinor,
343 1011 484 1062 retentae
499 1002 709 1078 defensaeque
731 1004 916 1079 sententiae3
945 1003 1074 1080 primum
1092 1003 1243 1080 simplices
1259 1010 1346 1079 quat·

203 1117 285 1166 tuor:
318 1105 390 1164 nihil
413 1107 536 1176 bonum,
568 1103 626 1161 nisi
650 1102 820 1180 honestum,
849 1112 883 1162 ut
905 1100 1015 1172 Stoici,·
1047 1103 1119 1162 nihil
1148 1104 1263 1162 bonum
1290 1102 1348 1161 nisi

201 1211 399 1285 voluptatem,
432 1213 466 1265 ut
489 1204 653 1280 Ir'pccurus:
685 1205 758 1262 nihil
785 1206 902 1264 bonum
924 1205 982 1264 nisi
1012 1205 1195 1264 vacuitatem
1222 1203 1346 1280 doloris,

202 1319 237 1368 ut
258 1308 473 1382 Hc'eronymur,·
497 1307 570 1365 nihil
591 1307 708 1365 bonum
729 1307 787 1365 nisi
814 1315 943 1367 naturae
964 1306 1068 1383 primis
1095 1307 1185 1366 bonis
1206 1315 1260 1365 aut
1282 1324 1347 1364 om·

203 1411 293 1468 nibus
314 1417 368 1467 aut
387 1407 527 1466 maximis
550 1406 616 1479 frui,
644 1415 679 1466 ut
703 1405 868 1466 Carneades
889 1416 997 1466 contra
1018 1407 1138 1467 Stoicos
1166 1406 1348 1468 disserebat.

203 1511 290 1568 Haec
310 1509 402 1586 igitur
423 1507 587 1585 simplicia;
610 1508 661 1566 illa
679 1508 791 1567 mixta:
812 1509 871 1566 tria
892 1527 1008 1585 genera
1021 1510 1181 1580 bonorum,
1205 1526 1348 1568 maxuma

204 1610 303 1684 animi,
327 1611 464 1668 secunda
480 1608 624 1685 corporis,
647 1617 774 1667 externa
796 1609 896 1685 tertia,
917 1617 951 1668 ut
970 1607 1159 1685 Peripatetici
1175 1627 1235 1668 nec
1251 1610 1347 1668 multo

203 1719 321 1770 veteres
343 1708 508 1768 Academici
526 1726 630 1779 secus;
655 1712 846 1787 voluptatem
869 1728 938 1770 cum
960 1710 1125 1771 honestate
1147 1710 1348 1770 Dinomachus

203 1821 236 1870 et
262 1810 398 1886 Callipho
430 1812 598 1888 copulavit3
625 1812 826 1870 indolentiam
847 1820 952 1870 autem
980 1812 1137 1872 honestati
1171 1812 1350 1889 Peripateti·

204 1931 257 1973 cus
279 1913 431 1972 chdorur
458 1913 605 1974 adiunxit.
654 1912 724 1971 Hae
753 1921 825 1972 sunt
853 1914 1036 1990 sententiae,
1067 1932 1147 1991 qnae
1176 1913 1349 1974 stabilitatis

204 2014 320 2091 aliquid
339 2014 491 2083 habeant;
524 2032 598 2072 nam
620 2014 781 2087 Aristonis
814 2013 985 2089 Pyrrhonis,
1013 2015 1097 2073 Erilli
1122 2016 1351 2074 nonnullorum·

206 2133 266 2192 que
289 2116 416 2174 aliorum
439 2111 651 2175 evanuerunt'.
685 2115 841 2192 Deinceps
862 2116 997 2192 pluribus
1020 2116 1061 2174 de
1085 2117 1139 2175 illls
1160 2116 1349 2194 philosophis

206 2217 372 2293 disseritur,
400 2217 535 2293 inprimis
557 2225 660 2274 autem
683 2234 701 2275 a
723 2213 794 2292 §88
820 2225 929 2276 contra
950 2215 1125 2293 Epicurum.
1168 2217 1233 2276 Sed
1253 2216 1350 2295 prius·

205 2336 298 2394 quam
318 2311 363 2378 ad
380 2317 430 2376 illa
443 2297 652 2389 transeamus,
682 2317 991 2376 animadvertendum
1012 2325 1069 2388 est,
1093 2335 1173 2394 quae
1193 2317 1283 2376 fuerit
1305 2319 1349 2376 lo·

205 2438 319 2494 corum,
343 2436 422 2495 quos
438 2419 605 2488 attulimus,
628 2418 801 2478 consensio.
845 2418 902 2490 Ita,
924 2427 959 2477 ut
974 2419 1113 2478 omittam
1130 2420 1204 2478 illud
1225 2413 1351 2493 ‘Aristo,

207 2520 331 2598 Pyrrhe,
360 2520 469 2580 Erillus
495 2521 556 2578 iam
582 2520 634 2579 diu
657 2519 748 2578 eiecti
776 2507 872 2595 sunt’,
895 2521 936 2579 ad
957 2515 1029 2596 §87
1061 2508 1104 2579 ‘si
1126 2521 1277 2597 quisunt,
1300 2520 1351 2596 qui

206 2623 364 2682 desertum
391 2621 465 2680 illud
487 2620 703 2681 Carneadeum
729 2629 836 2680 curent
860 2615 1042 2680 defendere’
1073 2621 1214 2680 conferas
1236 2622 1277 2680 de
1299 2620 1349 2678 fin.

205 2721 249 2780 IV
262 2739 303 2797 44
325 2711 368 2782 <si
390 2723 440 2800 qui
462 2721 676 2782 Carneadeum
697 2721 789 2780 finem
811 2722 888 2780 tueri
907 2717 1044 2802 volunt’,
1067 2723 1242 2797 eodemque
1255 2723 1351 2780 modo

206 2830 241 2881 ut
263 2822 360 2882 Acad.
379 2824 408 2883 11
427 2839 486 2898 130
508 2831 540 2882 et
561 2822 632 2881 alibi
654 2823 748 2882 etiam
769 2823 829 2881 hoc
851 2823 920 2881 loco
941 2823 978 2881 iis
1001 2822 1171 2901 sententiis,
1204 2839 1284 2898 quae
1305 2841 1352 2880 re·

207 2932 313 2983 tentae
335 2925 547 3000 defensaeque
569 2932 650 2996 sunt,
681 2924 751 2982 illae
773 2931 980 3001 opponuntur,
1011 2941 1092 3000 quae
1114 2923 1240 2982 omnino
1262 2924 1352 2982 omit·

207 3026 322 3084 tendae
344 3027 414 3086 sint.

306 3142 373 3203 Iam
394 3162 433 3201 ex
453 3143 498 3220 iis,
532 3161 612 3220 quae
635 3151 743 3202 contra
764 3160 843 3214 eum,
878 3143 929 3220 qui
950 3143 1056 3218 molliS,
1092 3142 1145 3218 qui
1166 3144 1352 3220 voluptarius

207 3243 319 3303 dicitur
333 3243 385 3316 [cf.
398 3241 415 3321 ἓ
428 3243 492 3318 88],
509 3245 650 3321 exposita
664 3253 745 3320 sunt,
765 3261 861 3304 unum
875 3246 1049 3321 exemplum
1064 3245 1241 3314 eximamus,
1266 3246 1353 3323 quod

208 3345 343 3404 similiter
364 3353 458 3421 atque
481 3344 655 3405 Carneadia
677 3345 786 3404 divisio
808 3347 850 3404 ad
871 3346 1006 3404 eundern
1028 3353 1186 3404 auctorem
1198 3345 1352 3403 Graecum

207 3454 337 3523 spectat.
380 3446 459 3504 Dico
485 3446 560 3504 illud
584 3444 813 3522 Sardanapalli¹
841 3447 1027 3523 epigramma
1048 3446 1151 3521 5101,
1186 3447 1270 3528 quod
1289 3445 1352 3503 An·

208 3543 348 3605 tiochus2
377 3547 546 3624 adripuisse
574 3548 693 3606 videtur
722 3556 757 3605 ut
783 3547 939 3606 derideret
960 3547 1134 3623 Epicurum.
1176 3547 1217 3605 Et
1238 3547 1354 3605 inveni·

207 3664 275 3705 mus
297 3647 381 3706 idem
410 3647 485 3706 illud
515 3649 632 3706 dictum
654 3648 695 3704 de
716 3646 814 3707 1111.ss
833 3645 890 3704 106
920 3655 951 3704 et
973 3648 1004 3705 in
1026 3647 1201 3722 fragmentis
1222 3647 1287 3706 libri
1305 3647 1351 3707 ΙΙΙ

208 3749 250 3805 de
272 3748 426 3825 republica
455 3740 915 3830 [=Schol.1uven.X362]‚
947 3748 1031 3823 quod
1061 3747 1265 3822 fragmentum
1286 3748 1352 3807 adi·-

208 3847 352 3907 ciendum
366 3857 415 3906 est
434 3847 481 3918 iis,
504 3866 583 3925 quae
597 3849 733 3925 Bemays
755 3850 774 3906 l.
792 3866 818 3908 c.
834 3867 863 3925 p.
883 3846 941 3906 160
957 3865 1004 3924 sq.
1026 3849 1198 3924 conposuit.
1214 3879 1254 3889 —
1269 3847 1353 3924 Ope·

310 4111 321 4150 ¹
341 4115 380 4165 Cf.
399 4113 502 4174 Naelre,
533 4112 651 4164 Choerili
670 4113 759 4178 fragm.
778 4131 805 4182 p.
830 4115 879 4177 196
892 4131 931 4180 sq.
951 4115 1076 4182 Bemays,
1104 4113 1156 4165 Die
1174 4113 1287 4178 Dialoge
1305 4115 1353 4166 des

208 4201 367 4254 Aristoteles
385 4219 411 4270 p.
432 4202 465 4266 84
485 4210 511 4252 et
532 4204 589 4254 160.
625 4201 779 4264 Buecheler,
799 4205 869 4255 Mus.
890 4203 980 4255 Rhen.
999 4203 1089 4252 XXX
1107 4219 1134 4270 p.
1155 4214 1196 4268 54.

308 4287 321 4327 2
339 4292 391 4341 Hic
406 4291 515 4341 fortasse
533 4298 636 4341 secutus
654 4298 694 4342 est
706 4292 881 4359 Chrysippum
900 4290 944 4360 [cf.
956 4292 1055 4344 Athen.
1068 4293 1136 4342 VIII
1152 4303 1184 4353 14
1196 4306 1222 4357 p.
1236 4289 1351 4359 336A.].

209 4381 361 4432 Ciceronem
378 4380 405 4430 in
423 4379 577 4430 Aristotelis
594 4379 669 4430 libris
690 4396 794 4430 carmen
819 4380 884 4431 illud
902 4380 1002 4446 legisse
1024 4397 1100 4432 nemo
1119 4381 1168 4430 erit
1186 4379 1248 4445 quin
1266 4385 1352 4442 neget.

209 4470 335 4521 Mentitus
354 4474 440 4520 estut
458 4466 560 4518 solebat
569 4467 682 4530 Tullius,
701 4486 759 4521 cum
774 4476 908 4521 auctorum
920 4470 1027 4520 nomina
1045 4473 1197 4537 apponeret.
1219 4467 1271 4534 [Cf.
1282 4468 1351 4517 Bue-

210 4558 298 4610 cheler
314 4557 332 4610 l.
351 4555 387 4624 c.]
