3566 5406
856 547 1063 624 ..43-

386 737 417 802 ol
440 739 475 802 ot
503 735 651 808 ἀλυπίαν,
674 734 705 799 οἱ
727 737 763 800 δὲ
786 735 867 801 ἄλλο
888 733 931 815 τι]
952 745 985 796 et
1011 735 1079 809 180,
1107 745 1168 794 tam
1190 737 1328 807 breviter,
1364 745 1399 794 nt
1420 751 1533 793 nomen

392 842 583 901 Antisthenis
615 841 884 916 praetermittatur,
926 857 995 896 cnm
1032 838 1146 897 dictum
1175 827 1327 913 ίμανείην
1361 837 1483 912 μᾶλλον
1513 834 1533 912 ἢ

390 928 539 1018 ἡσθείην’
567 942 731 1000 adferatur.
763 942 882 1000 Eadem
905 940 969 997 fere
992 939 1134 1014 leguntur
1155 939 1223 997 adv.
1249 939 1344 998 math.
1374 937 1418 996 XI
1440 936 1481 1010 36
1503 946 1535 996 et

392 1044 440 1119 76.
460 1073 497 1084 -
523 1044 591 1102 adv.
614 1042 707 1100 math.
731 1043 774 1100 XI
791 1056 828 1117 73
862 1050 966 1098 autem
987 1041 1088 1100 variae
1110 1041 1283 1100 sententiae
1315 1041 1355 1097 de
1378 1039 1533 1114 voluptate

317 1168 324 1178 ·
393 1153 616 1202 enumerantur.
643 1143 768 1201 Praeter
790 1142 953 1218 Epicurum
969 1150 1001 1199 et
1015 1141 1229 1216 Antisthenem
1252 1142 1347 1200 series
1363 1140 1533 1199 Stoicorum

391 1245 643 1321 philosophorum
665 1245 797 1303 affertur.
830 1245 877 1301 Ex
892 1243 951 1300 hoc
973 1243 1053 1313 loco,
1076 1243 1100 1300 si
1122 1243 1153 1299 in
1168 1243 1270 1300 animo
1293 1242 1450 1315 habentne,
1473 1259 1534 1316 quo

393 1347 487 1403 modo
524 1346 633 1404 Sextus
672 1345 865 1420 excerpserit,
903 1352 1093 1421 quantopere
1124 1344 1218 1401 multa
1253 1343 1438 1401 comminuta
1465 1343 1535 1420 sint,

393 1456 476 1505 recte
499 1447 642 1505 concludi
665 1454 748 1521 puto,
770 1446 914 1504 maiorem
940 1445 1104 1521 aliqnando
1122 1445 1297 1520 catalogum
1316 1443 1535 1502 sententiamm

389 1678 418 1721 ut
442 1671 478 1721 ita
508 1672 593 1720 dicam
620 1670 714 1720 umbra
741 1670 869 1735 quaedam
894 1668 967 1718 illius
994 1668 1092 1735 operis,
1120 1669 1193 1734 quod
1218 1669 1273 1722 Cic.
1296 1669 1365 1721 Acd.
1383 1671 1412 1719 11
1434 1672 1482 1719 116
1496 1685 1536 1735 sq.

393 1760 509 1809 breviter
533 1759 681 1824 explicavit.
718 1757 843 1823 Quamvis
868 1757 1039 1807 aLactantio
1063 1772 1149 1806 rerum
1175 1758 1243 1806 ordo
1265 1758 1433 1823 perturbatus
1458 1758 1491 1807 sit
1511 1764 1538 1808 et

395 1848 476 1897 multa
495 1847 602 1897 aliunde
621 1847 703 1912 petita
714 1847 870 1912 interposita
883 1846 941 1906 sint,
961 1853 1047 1896 tamen
1060 1845 1167 1896 eaedem
1185 1852 1238 1895 tres
1251 1852 1337 1911 partes
1350 1845 1537 1912 philosophiae

390 1936 585 2000 distinguuntur
613 1934 658 2001 [ci.
683 1949 703 1986 c.
724 1947 748 1998 7,
771 1947 792 1986 ι.
822 1947 860 1997 13,
873 1933 911 2000 4],
941 1950 1007 2000 quas
1034 1933 1155 1984 distinxit
1180 1933 1331 1984 Antiochus
1353 1935 1445 1984 ordine
1471 1934 1537 1986 hoc:

391 2023 536 2090 physicam,
565 2023 686 2082 ethicam,
716 2023 837 2085 logicam.
856 2049 889 2058 -—
909 2025 941 2072 In
959 2030 1033 2088 parte
1060 2022 1147 2072 ethica
1168 2039 1183 2072 a
1206 2022 1341 2072 Lactantio
1366 2035 1419 2087 c.7
1443 2023 1536 2073 tabula

391 2112 485 2162 summi
508 2112 574 2161 boni
597 2111 677 2161 allata
700 2119 748 2162 est.
785 2111 919 2161 Permulta
942 2117 1027 2161 autem
1051 2127 1082 2161 ex
1105 2110 1239 2160 Ciceronis
1261 2111 1441 2175 Academicis,
1468 2127 1536 2178 qnae

392 2201 535 2266 perierunt,
555 2199 650 2248 hausta
669 2215 728 2248 esse
747 2215 762 2248 a
779 2201 852 2249 Lact.
872 2198 1091 2249 verisimillimum
1111 2206 1159 2250 est.
1186 2199 1264 2251 Certe
1285 2215 1364 2249 nosse
1382 2199 1537 2250 Ciceronem

394 2289 577 2338 cavillationes
597 2287 751 2337 dormientis
771 2293 879 2353 apparet
898 2304 929 2337 ex
940 2288 1024 2339 Acad.
1043 2289 1130 2351 1193:
1151 2287 1217 2337 ‘Per
1233 2303 1276 2338 me
1294 2288 1337 2338 vel
1357 2295 1451 2338 stertas
1467 2288 1538 2348 licet,
1561 2324 1563 2328 -

393 2378 479 2443 inquit
498 2377 655 2438 Carneades,
685 2359 738 2427 non
755 2377 835 2426 modo
854 2378 982 2443 quiescas.
1020 2377 1073 2428 Sed
1092 2377 1156 2443 quid
1173 2375 1295 2444 proficit?
1319 2377 1442 2444 Sequitur
1460 2377 1538 2437 enim,

393 2467 438 2532 qui
456 2473 490 2526 te¹
501 2482 533 2515 ex
554 2482 647 2516 somno
667 2466 759 2517 excitet
778 2466 849 2517 etc.’.

492 2553 538 2603 Ad
558 2554 666 2604 eandem
685 2567 740 2604 rem
759 2555 891 2620 pertinere
914 2561 985 2621 puto,
1013 2555 1085 2620 quod
1103 2555 1251 2606 Antiochus
1277 2555 1346 2621 apud
1368 2555 1423 2606 Cic.
1443 2556 1477 2604 de
1494 2554 1538 2605 fin.

395 2644 464 2706 V55
486 2643 608 2708 exemplo
626 2643 799 2709 Endymionis
824 2660 885 2693 usus
909 2650 956 2696 est.
978 2671 1010 2680 -
1032 2644 1099 2693 Tum
1118 2644 1264 2694 Numenius
1287 2650 1375 2693 narrat
1400 2643 1469 2708 apud
1486 2645 1539 2692 Eu·

393 2731 449 2780 seb.
469 2732 562 2807 Praep.
582 2733 630 2781 Ev.
649 2733 719 2782 XIV
738 2733 753 2782 8
773 2733 806 2781 de
825 2733 971 2783 Carneade:
994 2731 1068 2785 ἐἴτε
1087 2748 1143 2785 που
1163 2732 1220 2786 ἔδει
1239 2749 1266 2785 τι
1285 2733 1330 2785 καί
1349 2735 1442 2796 θαῦμα
1461 2731 1538 2796 ἑχόν-

393 2834 453 2872 των
466 2819 568 2884 λόγων,
588 2818 747 2886 ἑξηγείρετο
766 2819 867 2887 λάβρος
880 2819 943 2873 οἷον
961 2821 1086 2886 ποταμὸς
1100 2821 1220 2886 ῥοώδης,
1239 2819 1332 2873 πάντα
1347 2818 1540 2884 καταπιμπλὰς

393 2907 428 2960 τὰ
447 2907 515 2974 τῇδε
540 2907 585 2960 καί
608 2907 728 2973 τάκεῖθι,
758 2911 803 2960 καί
826 2908 968 2962 εἰσέπιπτε
996 2910 1041 2962 καὶ
1064 2909 1200 2975 σανὲσυρε
1226 2909 1294 2973 τοὺς
1316 2908 1472 2972 ἀκούοντας
1495 2907 1541 2960 διὰ

393 2991 537 3063 θορύβου’.
576 2996 621 3063 [ct.
648 3013 715 3062 quae
733 2998 768 3049 ib.
790 3010 804 3062 7
830 2999 863 3048 de
887 2999 993 3064 Lacyde
1017 3006 1151 3048 narrantur
1174 3007 1200 3046 et
1219 2999 1299 3061 Diog.
1319 3000 1405 3050 Laert.
1424 3000 1465 3050 IV
1485 2998 1540 3065 66].

393 3086 495 3136 Eadem
515 3085 682 3136 similitudine
705 3101 767 3136 usus
789 3094 830 3136 est
848 3086 991 3152 Epictetus,
1018 3086 1093 3137 diatr.
1112 3087 1187 3136 1120
1206 3087 1383 3137 Academicos
1403 3095 1429 3137 et
1446 3089 1540 3153 Epicn-

393 3189 453 3224 reos
472 3174 658 3239 perstringens,
680 3190 737 3223 cum
756 3174 860 3224 iuberet
878 3175 1019 3239 Epicnmm
1039 3174 1153 3223 dormire
1173 3182 1199 3223 et
1218 3183 1353 3240 pergeret:
1373 3174 1418 3228 ‘ri
1436 3175 1487 3228 οὖν
1505 3176 1541 3240 ἠν

393 3262 428 3315 τὸ
452 3261 560 3328 ἐγεῑρον
588 3261 676 3314 αὐτὸν
702 3262 813 3314 ἐκτῶν
838 3262 936 3314 ὕπνων
960 3262 1005 3314 καὶ
1032 3260 1190 3325 ἀναγκάζον
1217 3261 1336 3328 γράφειν
1360 3262 1378 3316 ἃ
1405 3263 1541 3342 {spontem

394 3366 453 3402 κ.τ.
466 3343 512 3402 hs.
550 3350 650 3399 Seneca
667 3366 774 3416 qnoque
792 3351 866 3400 iubet
886 3366 927 3416 ep.
942 3351 1011 3414 53,8
1034 3345 1273 3424 ‘Expergiscamur
1290 3365 1361 3414 ergo,
1391 3360 1420 3402 ut
1438 3368 1541 3402 errores

394 3443 500 3489 nostros
529 3454 671 3502 coarguere
695 3440 847 3505 possimus.
866 3439 924 3489 sola
946 3446 1034 3488 autem
1059 3455 1107 3490 nos
1125 3438 1294 3504 philosophia
1319 3441 1450 3500 excitabit,
1484 3439 1543 3490 sola

395 3543 514 3577 somnum
533 3527 647 3576 excutiet
665 3542 780 3590 gravem:
799 3529 839 3576 illi
858 3534 885 3578 te
905 3534 988 3578 totum
1008 3521 1122 3578 dedica'.
1159 3525 1299 3577 Praeterea
1318 3529 1352 3579 ci.
1370 3545 1410 3594 ep.
1433 3541 1474 3594 20,
1501 3542 1540 3594 13.

397 3627 439 3676 22,
451 3616 475 3666 6.
502 3615 560 3675 108,
572 3628 613 3680 24.
633 3643 668 3652 —-
687 3616 813 3682 Inspicias
831 3616 945 3682 denique
962 3615 1057 3666 Arium
1068 3632 1109 3682 ap.
1124 3615 1238 3665 Stob.11
1252 3616 1353 3681 28411.
1369 3629 1426 3680 133,
1441 3617 1543 3671 11W.:

395 3703 475 3769 ιπερί
499 3702 530 3755 δὲ
553 3704 621 3766 τοὺς
644 3704 835 3767 κοιμωμένους
858 3704 910 3756 οὐκ
930 3703 1003 3756 εἶναι
1025 3703 1080 3768 τὴν
1106 3700 1294 3768 εὐδαιμονίαν,
1323 3705 1412 3769 ἢούκ
1436 3707 1542 3760 ἐντελε-

396 3789 457 3859 χείᾳ
475 3806 515 3854 γε.
534 3791 595 3855 Τὴν
612 3791 666 3857 γάρ
685 3791 826 3858 ἐνέργειαν
844 3794 896 3858 τῆς
909 3795 1003 3857 ψυχῆς
1020 3793 1085 3858 περὶ
1102 3791 1157 3856 τὴν
1169 3790 1336 3858 ἐγρήγορσιν
1354 3794 1434 3859 εἶναι,
1451 3796 1541 3864 ταύτῃ

399 3879 430 3932 δὲ
449 3877 650 3945 προστίθεσθαι
668 3879 702 3948 τά
721 3880 805 3933 ’κατὰ
824 3881 922 3947 φύσιν
942 3879 987 3933 διά
1006 3881 1039 3933 τὸ
1058 3881 1095 3945 μὴ
1115 3884 1209 3933 πάσαν
1226 3880 1279 3944 τὴν
1298 3880 1465 3949 ἐγρήγορσιν
1483 3888 1544 3936 τῶν

398 3966 561 4020 σπουδαίων
584 3967 690 4033 τελείας
717 3970 789 4022 εἶναι
812 3973 912 4035 χρῆσιν
936 3968 1050 4035 ἀρετῆς,
1080 3968 1150 4022 ἀλλὰ
1173 3969 1226 4034 τήν
1251 3968 1322 4021 κατὰ
1344 3970 1451 4034 φύσιν’.
1488 3956 1542 4022 Sed

397 4058 461 4123 quid
480 4057 544 4107 haec
563 4059 650 4108 omnia
674 4059 708 4108 ad
726 4055 905 4109 Antiochum?
922 4058 1078 4120 interrogas.
1114 4057 1221 4107 Scilicet
1244 4058 1294 4107 iam
1312 4058 1474 4108 Heraclitum
1494 4060 1543 4111 hac

397 4144 570 4196 similitudine
588 4162 663 4196 usum
683 4161 743 4196 esse
762 4146 833 4196 haud
852 4146 950 4205 nescio,
979 4146 1007 4195 id
1027 4146 1100 4194 dico:
1120 4145 1172 4196 Ille
1189 4147 1234 4205 vir,
1258 4147 1303 4212 qui
1323 4146 1423 4211 primns
1443 4147 1543 4212 Scepti-

400 4249 457 4283 cam
476 4232 642 4299 disciplinam
660 4235 696 4284 ita
713 4234 882 4300 impugnavit,
905 4240 933 4284 ut
952 4234 1041 4283 dicere
1060 4242 1159 4299 posset,
1183 4250 1286 4284 ornnem
1307 4249 1365 4284 eam
1384 4251 1443 4285 esse
1463 4237 1545 4285 extin-

399 4328 476 4382 ctam,
495 4321 542 4372 ille
562 4321 606 4388 qni
625 4339 709 4372 rerum
727 4323 883 4372 naturalium
903 4323 1039 4372 evidentia
1058 4323 1162 4372 conisus
1180 4321 1248 4373 illud
1267 4322 1333 4371 nihil
1351 4323 1417 4372 scire
1438 4324 1544 4374 omnino

400 4410 512 4470 sustulit,
533 4411 580 4460 ille
599 4417 662 4470 erat,
686 4411 732 4476 qni
753 4411 914 4461 dormientes
936 4411 1111 4462 Academicos
1132 4411 1233 4477 expulit
1251 4427 1282 4461 ex
1301 4409 1393 4460 schola
1411 4407 1545 4461 Platonica

400 4508 426 4550 et
446 4501 601 4567 saepissime
614 4502 651 4551 uti
670 4501 763 4562 solitus
778 4508 818 4551 est
836 4517 869 4550 ea
889 4500 1066 4567 similitudine,
1085 4515 1152 4566 quae
1164 4499 1309 4567 permansit
1327 4499 1457 4566 usquead
1475 4498 1545 4550 hunc

400 4589 480 4652 diem,
499 4605 558 4642 curn
576 4606 738 4644 moneamur:
759 4589 840 4655 vigila
859 4597 885 4641 et
904 4604 955 4641 ora.
