3566 5406
908 545 1097 605 „4-

434 721 558 781 omnino
579 728 690 797 putant
709 721 867 788 interesse,
894 725 926 775 et
946 716 1064 788 Erillus,
1086 717 1112 776 si
1134 717 1177 776 ita
1199 718 1301 788 sensit,
1333 716 1406 776 nihil
1427 733 1496 776 esse
1518 715 1574 774 bo·

430 841 503 882 num
523 830 645 899 praeter
666 820 835 890 scientiam,
869 836 993 878 omnem
1015 817 1133 877 consilii
1154 818 1298 895 capiendi
1325 836 1448 877 causam
1469 819 1574 877 inven-

433 926 609 999 tionemque
627 921 718 980 officii
740 921 867 982 sustulit
890 920 940 979 Sic
960 919 1091 978 exclusis
1106 919 1266 980 sententiis
1288 920 1481 996 reliquorum,
1504 937 1573 980 cum

431 1033 592 1103 praeterea
613 1024 693 1082 nulla
715 1040 786 1081 esse
810 1023 916 1099 possit,
937 1022 1015 1080 haec
1036 1021 1229 1097 antiquorum
1243 1021 1345 1080 valeat
1365 1039 1495 1081 necesse
1517 1029 1572 1080 est.

431 1127 526 1202 Igitur
546 1125 684 1184 instituto
707 1132 853 1193 veterum,
887 1140 948 1199 quo
970 1122 1064 1181 etiam
1086 1122 1179 1183 Stoici
1207 1130 1342 1194 utuntur,
1372 1122 1443 1182 hinc
1470 1122 1571 1199 capia·

430 1244 498 1287 mus
521 1211 703 1287 exordium'.

528 1326 627 1386 Huius
655 1325 810 1385 divisionis
833 1328 874 1384 de
896 1325 1013 1385 ratione
1036 1343 1116 1401 quae
1137 1325 1198 1385 dici
1218 1335 1348 1403 possunt
1375 1320 1428 1404 [cf.
1446 1323 1573 1402 Madvig

430 1430 504 1490 Exc.
526 1429 571 1486 IV
591 1447 621 1505 p.
644 1427 703 1486 822
728 1428 778 1487 ed.
801 1422 855 1504 3]‚
890 1444 1074 1502 quamquam
1105 1426 1165 1485 hoc
1196 1428 1266 1486 loco
1298 1426 1572 1503 praetermittenda

429 1538 510 1605 suut,
530 1539 564 1589 ut
585 1529 753 1597 videamus,
780 1545 858 1603 quae
880 1528 1009 1606 vestigia
1029 1528 1108 1587 illius
1130 1528 1301 1604 inscriptis
1323 1527 1570 1605 philosophorum

431 1631 534 1706 detegi
564 1630 694 1707 possint,
728 1615 831 1687 tamen
862 1647 991 1688 necesse
1024 1638 1072 1687 est
1104 1629 1206 1688 dicere
1227 1647 1277 1688 me
1300 1647 1363 1688 non
1398 1629 1571 1689 consentire

429 1750 498 1789 cum
518 1732 686 1808 Madvigio,
709 1750 800 1808 quem
822 1730 932 1789 iniuste
954 1730 1126 1807 vituperare
1146 1739 1221 1806 puto
1243 1749 1274 1806 p.
1287 1729 1347 1789 828
1368 1730 1570 1793 Carneadem.

428 1832 508 1890 Nam
526 1827 546 1906 ἡ
569 1827 728 1908 ἀοχλησία
750 1832 874 1891 minime
900 1841 948 1890 est
968 1831 1112 1906 negativa
1130 1832 1277 1908 voluptas.
1322 1832 1402 1891 Tum
1423 1832 1506 1890 haud
1527 1833 1572 1892 ita

429 1933 533 2009 inepte
555 1927 761 1992 ‘affectionem
783 1933 914 1991 hominis
936 1933 969 1991 id
990 1933 1075 2008 quod
1096 1932 1243 2009 appetivit
1258 1935 1364 2010 adepti
1385 1935 1572 2011 comparavit

430 2052 499 2092 cum
520 2035 623 2110 primis
645 2044 782 2105 naturae,
814 2035 918 2093 idest
945 2035 1018 2111 ipsis
1040 2035 1130 2093 rebus
1157 2052 1236 2110 quae
1257 2031 1472 2112 appetuntur’.
1516 2035 1571 2094 Di·

429 2135 622 2216 stinguuntur
655 2135 847 2194 definitiones
870 2135 977 2193 summi
1007 2135 1090 2196 boni.
1132 2135 1203 2194 Hoc
1226 2145 1329 2195 autem
1354 2136 1448 2213 ipsius
1476 2154 1572 2197 causa

429 2236 583 2312 appetitur
614 2229 667 2312 (δι’
691 2231 770 2296 αὑτὸ
793 2229 944 2314 αἱρετόν).
996 2233 1040 2295 Ut
1071 2236 1161 2312 igitur
1187 2237 1328 2314 voluptas
1356 2247 1388 2296 et
1415 2237 1500 2313 quies
1527 2237 1571 2296 ita

428 2337 525 2412 prima
543 2343 672 2394 naturae
698 2335 851 2410 [cf.Stob.
873 2336 962 2395 1160
985 2336 1025 2395 H.
1048 2351 1099 2412 47,
1114 2353 1154 2395 20
1175 2337 1221 2399 W.
1244 2346 1275 2397 et
1299 2354 1357 2412 ²4²
1380 2338 1420 2399 H.
1446 2337 1503 2397 116
1522 2339 1569 2401 W.

430 2432 490 2515 sq.]
513 2437 579 2513 ipsa
602 2436 762 2514 proposita
781 2447 861 2508 sunt,
887 2448 922 2496 ut
943 2437 1050 2497 Cicero
1072 2437 1121 2500 fin.
1145 2438 1174 2495 V
1195 2456 1287 2515 saepe
1308 2438 1436 2509 iteravit,
1468 2439 1571 2498 omnia

429 2556 497 2598 esse
518 2545 641 2614 propter
663 2555 696 2596 se
718 2539 785 2615 ipsa
806 2539 997 2615 appetenda3
1021 2569 1061 2580 -
1083 2557 1155 2600 nam
1175 2539 1208 2598 in
1222 2540 1363 2600 omnibus
1384 2542 1475 2600 rebus
1498 2560 1571 2601 con·

430 2641 542 2699 tinetur
563 2647 595 2697 et
616 2657 724 2698 omnes
746 2657 794 2698 res
819 2640 955 2697 continet
977 2657 1125 2698 summum
1148 2641 1272 2704 bonum.

527 2739 589 2798 Sed
610 2748 800 2798 transeamus
828 2741 869 2797 ad
891 2740 973 2798 illam
1001 2740 1194 2811 divisionem,
1226 2761 1318 2819 quam
1343 2750 1377 2802 ut
1399 2741 1517 2802 facilius
1539 2741 1570 2800 in

428 2839 576 2899 memoria
597 2849 714 2909 teneas,
737 2839 795 2900 hac
815 2841 919 2899 tabula
942 2841 1185 2917 conprehensam
1206 2860 1363 2920 propono:

1062 2942 1084 3002 1.
1254 2944 1291 3004 H.
1442 2944 1496 3004 111.

999 3039 1127 3106 voluptas.
1163 3041 1278 3092 vacuitas
1292 3041 1365 3092 dolo-
1427 3042 1510 3108 prima

1161 3113 1197 3162 ris
1208 3111 1367 3179 (ἀοχλησία)
1411 3119 1526 3164 naturae.

767 3259 854 3309 facere
873 3275 927 3308 om·
1295 3267 1297 3274 '
1397 3261 1545 3312 Carneades

715 3355 721 3369 ·
750 3347 793 3397 nia
807 3354 836 3396 ut
852 3347 947 3413 adipis·
974 3347 1136 3415 Aristippus.
1168 3350 1357 3416 Hieronymus.
1390 3349 1548 3415 [disserendi

1423 3435 1522 3506 causa).

699 3334 713 3367 a

556 3389 592 3441 A.

502 3485 646 3535 sententiae

415 3593 418 3600 ·
502 3580 645 3648 simplices:
749 3574 836 3624 iacere
857 3575 947 3624 omnia

695 3680 721 3734 b,
761 3661 935 3714 etiamsinon
1039 3692 1073 3704 -
1424 3665 1515 3718 stoici,

755 3751 936 3818 adipiscamur.

1116 3953 1238 4003 adiuncta
1254 3953 1404 4006 honestate.

993 4098 1122 4166 Callipho.

535 4149 637 4204 iunctae
656 4160 682 4203 et
702 4153 833 4221 duplices*
962 4187 1149 4241 Dinomachus.

1190 4163 1335 4218 Diodorus.
1417 4167 1524 4232 antiqui.

523 4368 687 4429 Praeterea
701 4381 909 4431 memorantur
923 4381 1009 4431 extra
1025 4375 1205 4434 divisionem
1219 4377 1423 4457 Democritus,
1445 4377 1566 4454 Pyrrho,

424 4469 537 4539 Arist0,
563 4470 683 4531 Erillus.
707 4501 743 4513 -·
768 4471 891 4532 StOIcae
913 4475 1085 4533 sententiae
1101 4477 1243 4550 tractatio
1265 4478 1403 4536 differtur
1424 4480 1506 4550 §2²-
1529 4509 1565 4519 -

426 4569 527 4647 Atque
546 4571 681 4630 omnium
696 4571 804 4631 horum
820 4573 1071 4651 philosophorum
1086 4576 1286 4666 comparatio,
1302 4577 1436 4655 inprimis
1452 4596 1566 4649 eorum,
