<?xml version="1.0" encoding="UTF-8"?>
<!DOCTYPE html PUBLIC "-//W3C//DTD XHTML 1.0 Transitional//EN"
    "http://www.w3.org/TR/xhtml1/DTD/xhtml1-transitional.dtd">
<html xmlns="http://www.w3.org/1999/xhtml" xml:lang="en" lang="en">
 <head>
  <title>
</title>
<meta http-equiv="Content-Type" content="text/html;charset=utf-8" />
  <meta name='ocr-system' content='tesseract 3.04.00' />
  <meta name='ocr-capabilities' content='ocr_page ocr_carea ocr_par ocr_line ocrx_word'/>
</head>
<body>
  <div class='ocr_page' id='page_1' title='image "./deantiochoascal00hoyegoog_0023.png"; bbox 0 0 3566 5406; ppageno 0'>
   <div class='ocr_carea' id='block_1_1' title="bbox 878 550 1083 610">
    <p class='ocr_par' dir='ltr' id='par_1_1' title="bbox 878 550 1083 610">
     <span class='ocr_line' id='line_1_1' title="bbox 878 550 1083 610; baseline 0 -32"><span class='ocrx_word' id='word_1_1' title='bbox 878 550 1083 610; x_wconf 78' lang='grc'><strong>-,,..</strong></span> 
     </span>
    </p>
   </div>
   <div class='ocr_carea' id='block_1_2' title="bbox 409 721 1552 1938">
    <p class='ocr_par' dir='ltr' id='par_1_2' title="bbox 409 721 1551 1202">
     <span class='ocr_line' id='line_1_2' title="bbox 410 721 1549 796; baseline 0 -15"><span class='ocrx_word' id='word_1_2' title='bbox 410 731 507 782; x_wconf 86' lang='lat' dir='ltr'><strong>totam</strong></span> <span class='ocrx_word' id='word_1_3' title='bbox 536 721 720 780; x_wconf 86' lang='lat' dir='ltr'><strong>sententiam</strong></span> <span class='ocrx_word' id='word_1_4' title='bbox 743 729 815 796; x_wconf 90' lang='lat' dir='ltr'>apte</span> <span class='ocrx_word' id='word_1_5' title='bbox 843 721 982 780; x_wconf 89' lang='lat' dir='ltr'><strong>adiectus</strong></span> <span class='ocrx_word' id='word_1_6' title='bbox 1009 741 1078 781; x_wconf 91' lang='lat' dir='ltr'><strong>esse</strong></span> <span class='ocrx_word' id='word_1_7' title='bbox 1101 725 1248 782; x_wconf 88' lang='lat' dir='ltr'><strong>videatur.</strong></span> <span class='ocrx_word' id='word_1_8' title='bbox 1272 755 1310 765; x_wconf 92' lang='lat'><em>-</em></span> <span class='ocrx_word' id='word_1_9' title='bbox 1334 721 1415 782; x_wconf 90' lang='lat' dir='ltr'><strong>Tum</strong></span> <span class='ocrx_word' id='word_1_10' title='bbox 1443 725 1485 782; x_wconf 89' lang='lat' dir='ltr'><strong>ad</strong></span> <span class='ocrx_word' id='word_1_11' title='bbox 1506 724 1549 781; x_wconf 94' lang='lat' dir='ltr'><strong>lo-</strong></span> 
     </span>
     <span class='ocr_line' id='line_1_3' title="bbox 411 823 1550 904; baseline 0.001 -22"><span class='ocrx_word' id='word_1_12' title='bbox 411 843 479 882; x_wconf 93' lang='lat' dir='ltr'><strong>cum</strong></span> <span class='ocrx_word' id='word_1_13' title='bbox 501 823 693 881; x_wconf 88' lang='lat' dir='ltr'><strong>Theodoreti</strong></span> <span class='ocrx_word' id='word_1_14' title='bbox 722 823 847 881; x_wconf 87' lang='lat' dir='ltr'><strong>allatum</strong></span> <span class='ocrx_word' id='word_1_15' title='bbox 869 824 1082 882; x_wconf 89' lang='lat' dir='ltr'><strong>adnotandum</strong></span> <span class='ocrx_word' id='word_1_16' title='bbox 1105 834 1161 904; x_wconf 84' lang='lat' dir='ltr'><strong>est,</strong></span> <span class='ocrx_word' id='word_1_17' title='bbox 1195 826 1341 901; x_wconf 91' lang='lat' dir='ltr'><strong>quodibi</strong></span> <span class='ocrx_word' id='word_1_18' title='bbox 1371 826 1454 883; x_wconf 88' lang='lat' dir='ltr'><strong>idem</strong></span> <span class='ocrx_word' id='word_1_19' title='bbox 1476 827 1550 885; x_wconf 93' lang='lat' dir='ltr'><strong>illud</strong></span> 
     </span>
     <span class='ocr_line' id='line_1_4' title="bbox 411 923 1551 1004; baseline 0.002 -20"><span class='ocrx_word' id='word_1_20' title='bbox 411 925 506 984; x_wconf 91' lang='lat' dir='ltr'><strong>simile</strong></span> <span class='ocrx_word' id='word_1_21' title='bbox 529 923 701 1000; x_wconf 88' lang='lat' dir='ltr'><strong>philosophi</strong></span> <span class='ocrx_word' id='word_1_22' title='bbox 723 933 755 981; x_wconf 93' lang='lat' dir='ltr'><strong>et</strong></span> <span class='ocrx_word' id='word_1_23' title='bbox 775 925 888 983; x_wconf 89' lang='lat' dir='ltr'><strong>medici</strong></span> <span class='ocrx_word' id='word_1_24' title='bbox 910 926 1088 998; x_wconf 83' lang='lat' dir='ltr'><strong>invenimus,</strong></span> <span class='ocrx_word' id='word_1_25' title='bbox 1111 929 1196 1004; x_wconf 93' lang='lat' dir='ltr'><strong>quod</strong></span> <span class='ocrx_word' id='word_1_26' title='bbox 1217 928 1248 984; x_wconf 89' lang='lat' dir='ltr'><strong>in</strong></span> <span class='ocrx_word' id='word_1_27' title='bbox 1270 928 1372 1003; x_wconf 91' lang='lat' dir='ltr'><strong>primis</strong></span> <span class='ocrx_word' id='word_1_28' title='bbox 1391 927 1476 986; x_wconf 92' lang='lat' dir='ltr'><strong>Philo</strong></span> <span class='ocrx_word' id='word_1_29' title='bbox 1492 929 1551 986; x_wconf 92' lang='lat' dir='ltr'><strong>La·</strong></span> 
     </span>
     <span class='ocr_line' id='line_1_5' title="bbox 409 1024 1551 1105; baseline 0.002 -21"><span class='ocrx_word' id='word_1_30' title='bbox 409 1027 550 1094; x_wconf 76' lang='lat' dir='ltr'><strong>dssaeus,</strong></span> <span class='ocrx_word' id='word_1_31' title='bbox 583 1024 727 1083; x_wconf 87' lang='lat' dir='ltr'><strong>Antiochi</strong></span> <span class='ocrx_word' id='word_1_32' title='bbox 754 1025 908 1102; x_wconf 87' lang='lat' dir='ltr'><strong>magister,</strong></span> <span class='ocrx_word' id='word_1_33' title='bbox 939 1027 1117 1086; x_wconf 85' lang='lat' dir='ltr'><strong>adhibuisse</strong></span> <span class='ocrx_word' id='word_1_34' title='bbox 1143 1027 1236 1086; x_wconf 88' lang='lat' dir='ltr'><strong>fertur</strong></span> <span class='ocrx_word' id='word_1_35' title='bbox 1258 1047 1307 1105; x_wconf 88' lang='lat' dir='ltr'><strong>ap.</strong></span> <span class='ocrx_word' id='word_1_36' title='bbox 1330 1027 1415 1089; x_wconf 87' lang='lat' dir='ltr'><strong>Stob.</strong></span> <span class='ocrx_word' id='word_1_37' title='bbox 1438 1029 1502 1089; x_wconf 88' lang='lat' dir='ltr'><strong>Ecl.</strong></span> <span class='ocrx_word' id='word_1_38' title='bbox 1523 1030 1551 1086; x_wconf 93' lang='lat' dir='ltr'><strong>II</strong></span> 
     </span>
     <span class='ocr_line' id='line_1_6' title="bbox 409 1123 749 1202; baseline -0.006 0"><span class='ocrx_word' id='word_1_39' title='bbox 409 1146 439 1202; x_wconf 79' lang='lat' dir='ltr'><strong>p·</strong></span> <span class='ocrx_word' id='word_1_40' title='bbox 456 1143 497 1200; x_wconf 86' lang='lat'><strong>40</strong></span> <span class='ocrx_word' id='word_1_41' title='bbox 511 1126 551 1186; x_wconf 86' lang='lat' dir='ltr'><strong>H·</strong></span> <span class='ocrx_word' id='word_1_42' title='bbox 575 1143 623 1200; x_wconf 81' lang='lat'><strong>39,</strong></span> <span class='ocrx_word' id='word_1_43' title='bbox 641 1139 679 1199; x_wconf 86' lang='lat'><strong>24</strong></span> <span class='ocrx_word' id='word_1_44' title='bbox 703 1123 749 1184; x_wconf 90' lang='lat' dir='ltr'><strong>W·</strong></span> 
     </span>
    </p>

    <p class='ocr_par' dir='ltr' id='par_1_3' title="bbox 410 1248 1552 1675">
     <span class='ocr_line' id='line_1_7' title="bbox 446 1248 1551 1322; baseline 0.006 -23"><span class='ocrx_word' id='word_1_45' title='bbox 446 1249 549 1299; x_wconf 82' lang='lat' dir='ltr'><strong>Theod.</strong></span> <span class='ocrx_word' id='word_1_46' title='bbox 568 1248 586 1298; x_wconf 91' lang='lat' dir='ltr'><strong>l.</strong></span> <span class='ocrx_word' id='word_1_47' title='bbox 608 1265 642 1301; x_wconf 76' lang='grc' dir='ltr'><strong>αι</strong></span> <span class='ocrx_word' id='word_1_48' title='bbox 667 1253 727 1312; x_wconf 83' lang='grc' dir='ltr'>τοῖς</span> <span class='ocrx_word' id='word_1_49' title='bbox 745 1248 775 1301; x_wconf 86' lang='grc' dir='ltr'><strong>δέ</strong></span> <span class='ocrx_word' id='word_1_50' title='bbox 798 1249 892 1313; x_wconf 86' lang='grc' dir='ltr'>ἄλλοις</span> <span class='ocrx_word' id='word_1_51' title='bbox 910 1251 955 1302; x_wconf 79' lang='grc' dir='ltr'><strong>καὶ</strong></span> <span class='ocrx_word' id='word_1_52' title='bbox 1043 1252 1117 1303; x_wconf 88' lang='lat' dir='ltr'><strong>Stob.</strong></span> <span class='ocrx_word' id='word_1_53' title='bbox 1135 1251 1153 1304; x_wconf 91' lang='lat' dir='ltr'><strong>l.</strong></span> <span class='ocrx_word' id='word_1_54' title='bbox 1173 1269 1195 1304; x_wconf 89' lang='lat' dir='ltr'><strong>c.</strong></span> <span class='ocrx_word' id='word_1_55' title='bbox 1233 1251 1361 1321; x_wconf 83' lang='grc' dir='ltr'>Καθάπερ</span> <span class='ocrx_word' id='word_1_56' title='bbox 1388 1254 1440 1308; x_wconf 81' lang='grc' dir='ltr'><strong>οὖν</strong></span> <span class='ocrx_word' id='word_1_57' title='bbox 1468 1255 1551 1322; x_wconf 84' lang='grc' dir='ltr'>ἔργον</span> 
     </span>
     <span class='ocr_line' id='line_1_8' title="bbox 410 1334 1551 1409; baseline 0.005 -19"><span class='ocrx_word' id='word_1_58' title='bbox 410 1334 606 1401; x_wconf 84' lang='grc' dir='ltr'>ξυμβουλεύειν</span> <span class='ocrx_word' id='word_1_59' title='bbox 636 1337 682 1389; x_wconf 84' lang='grc' dir='ltr'><strong>καὶ</strong></span> <span class='ocrx_word' id='word_1_60' title='bbox 710 1341 873 1402; x_wconf 75' lang='grc' dir='ltr'>παραινεῖν,</span> <span class='ocrx_word' id='word_1_61' title='bbox 909 1339 956 1391; x_wconf 84' lang='grc' dir='ltr'><strong>καὶ</strong></span> <span class='ocrx_word' id='word_1_62' title='bbox 1007 1337 1105 1406; x_wconf 80' lang='grc' dir='ltr'>ἰατροῦ</span> <span class='ocrx_word' id='word_1_63' title='bbox 1118 1344 1233 1407; x_wconf 81' lang='grc' dir='ltr'>πρῶτον</span> <span class='ocrx_word' id='word_1_64' title='bbox 1246 1342 1296 1406; x_wconf 90' lang='grc' dir='ltr'><strong>μέν</strong></span> <span class='ocrx_word' id='word_1_65' title='bbox 1312 1348 1406 1395; x_wconf 83' lang='grc' dir='ltr'>πεῖσαι</span> <span class='ocrx_word' id='word_1_66' title='bbox 1420 1343 1551 1409; x_wconf 87' lang='grc' dir='ltr'>τὸνκάμ-</span> 
     </span>
     <span class='ocr_line' id='line_1_9' title="bbox 411 1425 1552 1498; baseline 0.005 -19"><span class='ocrx_word' id='word_1_67' title='bbox 411 1431 490 1492; x_wconf 82' lang='grc' dir='ltr'>χεῖρα</span> <span class='ocrx_word' id='word_1_68' title='bbox 508 1425 630 1491; x_wconf 83' lang='grc' dir='ltr'>ὀρέγειν,</span> <span class='ocrx_word' id='word_1_69' title='bbox 650 1425 696 1477; x_wconf 83' lang='grc' dir='ltr'><strong>καὶ</strong></span> <span class='ocrx_word' id='word_1_70' title='bbox 715 1425 878 1491; x_wconf 83' lang='grc' dir='ltr'>θεραπεύειν</span> <span class='ocrx_word' id='word_1_71' title='bbox 898 1425 955 1478; x_wconf 88' lang='grc' dir='ltr'>έπι-</span> <span class='ocrx_word' id='word_1_72' title='bbox 1006 1444 1093 1480; x_wconf 92' lang='grc' dir='ltr'>νοντα</span> <span class='ocrx_word' id='word_1_73' title='bbox 1111 1430 1317 1496; x_wconf 83' lang='grc' dir='ltr'>παραδέξασθαι</span> <span class='ocrx_word' id='word_1_74' title='bbox 1334 1431 1386 1496; x_wconf 83' lang='grc' dir='ltr'><strong>τὴν</strong></span> <span class='ocrx_word' id='word_1_75' title='bbox 1402 1431 1552 1498; x_wconf 85' lang='grc' dir='ltr'>θεραπείαν</span> 
     </span>
     <span class='ocr_line' id='line_1_10' title="bbox 412 1511 1552 1586; baseline 0.006 -20"><span class='ocrx_word' id='word_1_76' title='bbox 412 1515 510 1580; x_wconf 84' lang='grc' dir='ltr'>μελῶς,</span> <span class='ocrx_word' id='word_1_77' title='bbox 528 1514 574 1566; x_wconf 80' lang='grc' dir='ltr'><strong>καὶ</strong></span> <span class='ocrx_word' id='word_1_78' title='bbox 592 1512 764 1580; x_wconf 81' lang='grc' dir='ltr'>προσφέρειν</span> <span class='ocrx_word' id='word_1_79' title='bbox 782 1515 834 1578; x_wconf 83' lang='grc' dir='ltr'><strong>τῆς</strong></span> <span class='ocrx_word' id='word_1_80' title='bbox 851 1511 957 1578; x_wconf 81' lang='grc' dir='ltr'>ὑγιείας</span> <span class='ocrx_word' id='word_1_81' title='bbox 1008 1555 1120 1569; x_wconf 91' lang='grc'><em>.......</em></span> <span class='ocrx_word' id='word_1_82' title='bbox 1147 1512 1195 1581; x_wconf 88' lang='grc' dir='ltr'><strong>Ὡς</strong></span> <span class='ocrx_word' id='word_1_83' title='bbox 1217 1517 1271 1584; x_wconf 88' lang='grc' dir='ltr'><strong>γὰρ</strong></span> <span class='ocrx_word' id='word_1_84' title='bbox 1297 1517 1394 1586; x_wconf 86' lang='grc' dir='ltr'>ἰατροθ</span> <span class='ocrx_word' id='word_1_85' title='bbox 1421 1520 1491 1584; x_wconf 90' lang='grc' dir='ltr'>μετὰ</span> <span class='ocrx_word' id='word_1_86' title='bbox 1517 1520 1552 1573; x_wconf 88' lang='grc' dir='ltr'><strong>τά</strong></span> 
     </span>
     <span class='ocr_line' id='line_1_11' title="bbox 411 1601 1552 1675; baseline 0.005 -20"><span class='ocrx_word' id='word_1_87' title='bbox 411 1601 447 1655; x_wconf 87' lang='grc' dir='ltr'><strong>τά</strong></span> <span class='ocrx_word' id='word_1_88' title='bbox 464 1601 606 1668; x_wconf 86' lang='grc' dir='ltr'>φάρμακα,</span> <span class='ocrx_word' id='word_1_89' title='bbox 774 1663 776 1668; x_wconf 15' lang='lat' dir='ltr'>y</span> <span class='ocrx_word' id='word_1_90' title='bbox 1007 1609 1100 1657; x_wconf 75' lang='grc' dir='ltr'>πάσαν</span> <span class='ocrx_word' id='word_1_91' title='bbox 1113 1604 1320 1672; x_wconf 62' lang='lat' dir='ltr'><strong>transitionem</strong></span> <span class='ocrx_word' id='word_1_92' title='bbox 1338 1607 1391 1672; x_wconf 82' lang='grc' dir='ltr'><strong>τὴν</strong></span> <span class='ocrx_word' id='word_1_93' title='bbox 1402 1607 1552 1675; x_wconf 83' lang='grc' dir='ltr'>θεραπείαν</span> 
     </span>
    </p>

    <p class='ocr_par' dir='ltr' id='par_1_4' title="bbox 1005 1687 1552 1938">
     <span class='ocr_line' id='line_1_12' title="bbox 1006 1687 1551 1762; baseline 0.009 -18"><span class='ocrx_word' id='word_1_94' title='bbox 1006 1692 1041 1745; x_wconf 88' lang='grc' dir='ltr'><strong>τά</strong></span> <span class='ocrx_word' id='word_1_95' title='bbox 1050 1692 1203 1758; x_wconf 86' lang='grc' dir='ltr'>προσάγειν</span> <span class='ocrx_word' id='word_1_96' title='bbox 1217 1687 1276 1746; x_wconf 80' lang='grc' dir='ltr'>ἐστὶ</span> <span class='ocrx_word' id='word_1_97' title='bbox 1289 1694 1398 1760; x_wconf 84' lang='grc' dir='ltr'>ταύτην</span> <span class='ocrx_word' id='word_1_98' title='bbox 1399 1735 1493 1762; x_wconf 83' lang='grc'><strong>......</strong></span> <span class='ocrx_word' id='word_1_99' title='bbox 1506 1712 1551 1762; x_wconf 88' lang='grc' dir='ltr'>με·</span> 
     </span>
     <span class='ocr_line' id='line_1_13' title="bbox 1005 1780 1552 1851; baseline 0.007 -17"><span class='ocrx_word' id='word_1_100' title='bbox 1005 1780 1042 1834; x_wconf 87' lang='grc' dir='ltr'><strong>τὰ</strong></span> <span class='ocrx_word' id='word_1_101' title='bbox 1053 1781 1107 1848; x_wconf 88' lang='grc' dir='ltr'><strong>γάρ</strong></span> <span class='ocrx_word' id='word_1_102' title='bbox 1123 1781 1159 1834; x_wconf 87' lang='grc' dir='ltr'><strong>τά</strong></span> <span class='ocrx_word' id='word_1_103' title='bbox 1171 1782 1362 1849; x_wconf 89' lang='grc' dir='ltr'>προτρεπτικά</span> <span class='ocrx_word' id='word_1_104' title='bbox 1374 1788 1502 1851; x_wconf 82' lang='grc' dir='ltr'>πειρᾶται</span> <span class='ocrx_word' id='word_1_105' title='bbox 1516 1785 1552 1838; x_wconf 87' lang='grc' dir='ltr'><strong>τά</strong></span> 
     </span>
     <span class='ocr_line' id='line_1_14' title="bbox 1007 1868 1552 1938; baseline 0.006 -16"><span class='ocrx_word' id='word_1_106' title='bbox 1007 1870 1193 1936; x_wconf 82' lang='grc' dir='ltr'>θεραπευτικά</span> <span class='ocrx_word' id='word_1_107' title='bbox 1216 1868 1369 1938; x_wconf 83' lang='grc' dir='ltr'>προσάγειν</span> <span class='ocrx_word' id='word_1_108' title='bbox 1371 1911 1464 1937; x_wconf 87' lang='grc'><strong>.....</strong></span> <span class='ocrx_word' id='word_1_109' title='bbox 1503 1872 1552 1926; x_wconf 84' lang='grc' dir='ltr'><strong>Καὶ</strong></span> 
     </span>
    </p>
   </div>
   <div class='ocr_carea' id='block_1_3' title="bbox 1005 1958 1552 2115">
    <p class='ocr_par' dir='ltr' id='par_1_5' title="bbox 1005 1958 1552 2115">
     <span class='ocr_line' id='line_1_15' title="bbox 1005 1958 1552 2028; baseline 0.007 -17"><span class='ocrx_word' id='word_1_110' title='bbox 1005 1958 1059 2024; x_wconf 89' lang='grc' dir='ltr'><strong>γάρ</strong></span> <span class='ocrx_word' id='word_1_111' title='bbox 1078 1963 1113 2027; x_wconf 79' lang='grc' dir='ltr'><strong>τῇ</strong></span> <span class='ocrx_word' id='word_1_112' title='bbox 1133 1958 1241 2028; x_wconf 79' lang='grc' dir='ltr'>ἰατρικῇ</span> <span class='ocrx_word' id='word_1_113' title='bbox 1264 1961 1374 2026; x_wconf 83' lang='grc' dir='ltr'>σπουδὴ</span> <span class='ocrx_word' id='word_1_114' title='bbox 1393 1964 1470 2014; x_wconf 85' lang='grc' dir='ltr'><strong>πᾶσα</strong></span> <span class='ocrx_word' id='word_1_115' title='bbox 1488 1963 1552 2028; x_wconf 79' lang='grc' dir='ltr'>περὶ</span> 
     </span>
     <span class='ocr_line' id='line_1_16' title="bbox 1005 2045 1552 2115; baseline 0.002 -15"><span class='ocrx_word' id='word_1_116' title='bbox 1005 2048 1040 2101; x_wconf 84' lang='grc' dir='ltr'><strong>τά</strong></span> <span class='ocrx_word' id='word_1_117' title='bbox 1066 2047 1155 2115; x_wconf 87' lang='grc' dir='ltr'>τέλος,</span> <span class='ocrx_word' id='word_1_118' title='bbox 1183 2051 1269 2100; x_wconf 83' lang='grc' dir='ltr'>τοῦτο</span> <span class='ocrx_word' id='word_1_119' title='bbox 1295 2045 1357 2112; x_wconf 80' lang='grc' dir='ltr'>δ’ἡν</span> <span class='ocrx_word' id='word_1_120' title='bbox 1379 2047 1477 2114; x_wconf 83' lang='grc' dir='ltr'>ὑγίεια,</span> <span class='ocrx_word' id='word_1_121' title='bbox 1506 2049 1552 2101; x_wconf 84' lang='grc' dir='ltr'><strong>καὶ</strong></span> 
     </span>
    </p>
   </div>
   <div class='ocr_carea' id='block_1_4' title="bbox 412 2135 1557 3734">
    <p class='ocr_par' dir='ltr' id='par_1_6' title="bbox 1005 2135 1552 2278">
     <span class='ocr_line' id='line_1_17' title="bbox 1005 2135 1552 2205; baseline 0.002 -16"><span class='ocrx_word' id='word_1_122' title='bbox 1005 2140 1040 2204; x_wconf 80' lang='grc' dir='ltr'><strong>τῇ</strong></span> <span class='ocrx_word' id='word_1_123' title='bbox 1070 2135 1224 2204; x_wconf 85' lang='grc' dir='ltr'>φιλοσοφίᾳ</span> <span class='ocrx_word' id='word_1_124' title='bbox 1255 2136 1320 2202; x_wconf 84' lang='grc' dir='ltr'>περὶ</span> <span class='ocrx_word' id='word_1_125' title='bbox 1345 2136 1399 2201; x_wconf 90' lang='grc' dir='ltr'><strong>τὴν</strong></span> <span class='ocrx_word' id='word_1_126' title='bbox 1424 2137 1552 2205; x_wconf 86' lang='grc' dir='ltr'>εὐδαιμο-</span> 
     </span>
     <span class='ocr_line' id='line_1_18' title="bbox 1005 2223 1076 2278; baseline -0.028 0"><span class='ocrx_word' id='word_1_127' title='bbox 1005 2223 1076 2278; x_wconf 82' lang='grc' dir='ltr'>νίαν.</span> 
     </span>
    </p>

    <p class='ocr_par' dir='ltr' id='par_1_7' title="bbox 412 2342 1557 3734">
     <span class='ocr_line' id='line_1_19' title="bbox 513 2342 1552 2422; baseline -0.002 -18"><span class='ocrx_word' id='word_1_128' title='bbox 513 2347 715 2422; x_wconf 86' lang='lat' dir='ltr'><strong>Eandemque</strong></span> <span class='ocrx_word' id='word_1_129' title='bbox 731 2345 910 2403; x_wconf 89' lang='lat' dir='ltr'><strong>divisionem</strong></span> <span class='ocrx_word' id='word_1_130' title='bbox 926 2344 989 2404; x_wconf 85' lang='lat' dir='ltr'><strong>fere</strong></span> <span class='ocrx_word' id='word_1_131' title='bbox 1001 2362 1039 2401; x_wconf 85' lang='lat' dir='ltr'><strong>ex</strong></span> <span class='ocrx_word' id='word_1_132' title='bbox 1055 2342 1245 2401; x_wconf 89' lang='lat' dir='ltr'><strong>Theodoreti</strong></span> <span class='ocrx_word' id='word_1_133' title='bbox 1261 2342 1358 2400; x_wconf 90' lang='lat' dir='ltr'><strong>verbis</strong></span> <span class='ocrx_word' id='word_1_134' title='bbox 1373 2343 1552 2419; x_wconf 84' lang='lat' dir='ltr'><strong>intellegere</strong></span> 
     </span>
     <span class='ocr_line' id='line_1_20' title="bbox 414 2440 1554 2523; baseline -0.003 -19"><span class='ocrx_word' id='word_1_135' title='bbox 414 2465 589 2523; x_wconf 90' lang='lat' dir='ltr'><strong>possumus,</strong></span> <span class='ocrx_word' id='word_1_136' title='bbox 612 2463 673 2521; x_wconf 90' lang='lat' dir='ltr'><strong>qua</strong></span> <span class='ocrx_word' id='word_1_137' title='bbox 692 2463 764 2504; x_wconf 89' lang='lat' dir='ltr'><strong>usus</strong></span> <span class='ocrx_word' id='word_1_138' title='bbox 787 2455 836 2503; x_wconf 88' lang='lat' dir='ltr'><strong>est</strong></span> <span class='ocrx_word' id='word_1_139' title='bbox 849 2446 934 2503; x_wconf 94' lang='lat' dir='ltr'><strong>Philo</strong></span> <span class='ocrx_word' id='word_1_140' title='bbox 955 2445 1143 2520; x_wconf 79' lang='lat' dir='ltr'><strong>distinguens</strong></span> <span class='ocrx_word' id='word_1_141' title='bbox 1164 2440 1221 2504; x_wconf 88' lang='grc' dir='ltr'><strong>τὸν</strong></span> <span class='ocrx_word' id='word_1_142' title='bbox 1236 2440 1469 2518; x_wconf 88' lang='grc' dir='ltr'>προτρεπτικὸν</span> <span class='ocrx_word' id='word_1_143' title='bbox 1490 2445 1554 2502; x_wconf 92' lang='lat' dir='ltr'><strong>sive</strong></span> 
     </span>
     <span class='ocr_line' id='line_1_21' title="bbox 414 2541 1555 2623; baseline -0.006 -14"><span class='ocrx_word' id='word_1_144' title='bbox 414 2543 639 2623; x_wconf 90' lang='grc' dir='ltr'>παραινετικόν</span> <span class='ocrx_word' id='word_1_145' title='bbox 662 2554 695 2604; x_wconf 84' lang='lat' dir='ltr'><strong>et</strong></span> <span class='ocrx_word' id='word_1_146' title='bbox 716 2543 773 2608; x_wconf 87' lang='grc' dir='ltr'><strong>τὸν</strong></span> <span class='ocrx_word' id='word_1_147' title='bbox 799 2543 1028 2622; x_wconf 88' lang='grc' dir='ltr'>θεραπευτικὸν</span> <span class='ocrx_word' id='word_1_148' title='bbox 1050 2541 1158 2619; x_wconf 91' lang='grc' dir='ltr'>λόγον.</span> <span class='ocrx_word' id='word_1_149' title='bbox 1183 2577 1218 2586; x_wconf 94' lang='grc'>-</span> <span class='ocrx_word' id='word_1_150' title='bbox 1247 2543 1310 2602; x_wconf 90' lang='lat' dir='ltr'><strong>Sed</strong></span> <span class='ocrx_word' id='word_1_151' title='bbox 1331 2547 1491 2603; x_wconf 86' lang='lat' dir='ltr'><strong>redeamus</strong></span> <span class='ocrx_word' id='word_1_152' title='bbox 1512 2547 1555 2620; x_wconf 76' lang='lat' dir='ltr'><strong>ad</strong></span> 
     </span>
     <span class='ocr_line' id='line_1_22' title="bbox 413 2646 1553 2715; baseline -0.002 -9"><span class='ocrx_word' id='word_1_153' title='bbox 413 2646 547 2706; x_wconf 91' lang='lat' dir='ltr'><strong>Tullium</strong></span> <span class='ocrx_word' id='word_1_154' title='bbox 574 2657 606 2706; x_wconf 89' lang='lat' dir='ltr'><strong>et</strong></span> <span class='ocrx_word' id='word_1_155' title='bbox 635 2648 766 2706; x_wconf 90' lang='lat' dir='ltr'><strong>breviter</strong></span> <span class='ocrx_word' id='word_1_156' title='bbox 788 2648 863 2705; x_wconf 90' lang='lat' dir='ltr'><strong>illud</strong></span> <span class='ocrx_word' id='word_1_157' title='bbox 893 2650 934 2706; x_wconf 90' lang='lat' dir='ltr'><strong>de</strong></span> <span class='ocrx_word' id='word_1_158' title='bbox 963 2647 1089 2706; x_wconf 88' lang='lat' dir='ltr'><strong>Socrate</strong></span> <span class='ocrx_word' id='word_1_159' title='bbox 1120 2647 1237 2704; x_wconf 89' lang='lat' dir='ltr'><strong>dictum</strong></span> <span class='ocrx_word' id='word_1_160' title='bbox 1271 2662 1553 2715; x_wconf 88' lang='lat' dir='ltr'><strong>commemoremus,</strong></span> 
     </span>
     <span class='ocr_line' id='line_1_23' title="bbox 414 2748 1553 2827; baseline -0.002 -18"><span class='ocrx_word' id='word_1_161' title='bbox 414 2752 501 2826; x_wconf 93' lang='lat' dir='ltr'><strong>quod</strong></span> <span class='ocrx_word' id='word_1_162' title='bbox 520 2749 624 2808; x_wconf 92' lang='lat' dir='ltr'><strong>nescio</strong></span> <span class='ocrx_word' id='word_1_163' title='bbox 647 2769 666 2809; x_wconf 90' lang='lat' dir='ltr'><strong>a</strong></span> <span class='ocrx_word' id='word_1_164' title='bbox 688 2768 748 2826; x_wconf 92' lang='lat' dir='ltr'><strong>quo</strong></span> <span class='ocrx_word' id='word_1_165' title='bbox 765 2750 865 2827; x_wconf 86' lang='lat' dir='ltr'><strong>aptius</strong></span> <span class='ocrx_word' id='word_1_166' title='bbox 888 2751 1034 2826; x_wconf 87' lang='lat' dir='ltr'><strong>seriptum</strong></span> <span class='ocrx_word' id='word_1_167' title='bbox 1048 2750 1088 2808; x_wconf 91' lang='lat' dir='ltr'><strong>sit</strong></span> <span class='ocrx_word' id='word_1_168' title='bbox 1108 2766 1199 2824; x_wconf 87' lang='lat' dir='ltr'><strong>quam</strong></span> <span class='ocrx_word' id='word_1_169' title='bbox 1221 2748 1259 2807; x_wconf 87' lang='lat' dir='ltr'><strong>ab</strong></span> <span class='ocrx_word' id='word_1_170' title='bbox 1274 2748 1438 2810; x_wconf 81' lang='lat' dir='ltr'><strong>Antiocho,</strong></span> <span class='ocrx_word' id='word_1_171' title='bbox 1459 2749 1553 2807; x_wconf 91' lang='lat' dir='ltr'><strong>Tusc.</strong></span> 
     </span>
     <span class='ocr_line' id='line_1_24' title="bbox 414 2839 1554 2928; baseline -0.001 -21"><span class='ocrx_word' id='word_1_172' title='bbox 414 2850 443 2907; x_wconf 93' lang='lat' dir='ltr'>V</span> <span class='ocrx_word' id='word_1_173' title='bbox 463 2851 534 2910; x_wconf 89' lang='lat'>108:</span> <span class='ocrx_word' id='word_1_174' title='bbox 561 2839 722 2910; x_wconf 81' lang='lat' dir='ltr'><strong>‘Socrates</strong></span> <span class='ocrx_word' id='word_1_175' title='bbox 744 2851 867 2927; x_wconf 89' lang='lat' dir='ltr'><strong>quidem</strong></span> <span class='ocrx_word' id='word_1_176' title='bbox 889 2870 957 2909; x_wconf 92' lang='lat' dir='ltr'><strong>cum</strong></span> <span class='ocrx_word' id='word_1_177' title='bbox 978 2858 1144 2928; x_wconf 87' lang='lat' dir='ltr'><strong>rogaretur,</strong></span> <span class='ocrx_word' id='word_1_178' title='bbox 1171 2850 1302 2907; x_wconf 89' lang='lat' dir='ltr'><strong>cuiatem</strong></span> <span class='ocrx_word' id='word_1_179' title='bbox 1324 2867 1357 2907; x_wconf 92' lang='lat' dir='ltr'><strong>se</strong></span> <span class='ocrx_word' id='word_1_180' title='bbox 1380 2867 1449 2908; x_wconf 88' lang='lat' dir='ltr'><strong>esse</strong></span> <span class='ocrx_word' id='word_1_181' title='bbox 1471 2851 1554 2908; x_wconf 87' lang='lat' dir='ltr'><strong>dice-</strong></span> 
     </span>
     <span class='ocr_line' id='line_1_25' title="bbox 417 2951 1555 3027; baseline 0 -19"><span class='ocrx_word' id='word_1_182' title='bbox 417 2960 472 3023; x_wconf 91' lang='lat' dir='ltr'><strong>ret,</strong></span> <span class='ocrx_word' id='word_1_183' title='bbox 495 2953 694 3022; x_wconf 87' lang='lat' dir='ltr'><strong>mundanum,</strong></span> <span class='ocrx_word' id='word_1_184' title='bbox 718 2952 832 3027; x_wconf 91' lang='lat' dir='ltr'><strong>inquit;</strong></span> <span class='ocrx_word' id='word_1_185' title='bbox 855 2952 949 3010; x_wconf 88' lang='lat' dir='ltr'><strong>totius</strong></span> <span class='ocrx_word' id='word_1_186' title='bbox 972 2954 1053 3010; x_wconf 91' lang='lat' dir='ltr'><strong>enim</strong></span> <span class='ocrx_word' id='word_1_187' title='bbox 1067 2952 1174 3010; x_wconf 92' lang='lat' dir='ltr'><strong>mundi</strong></span> <span class='ocrx_word' id='word_1_188' title='bbox 1196 2968 1230 3008; x_wconf 87' lang='lat' dir='ltr'><strong>se</strong></span> <span class='ocrx_word' id='word_1_189' title='bbox 1251 2951 1382 3008; x_wconf 90' lang='lat' dir='ltr'><strong>incolam</strong></span> <span class='ocrx_word' id='word_1_190' title='bbox 1404 2959 1436 3009; x_wconf 89' lang='lat' dir='ltr'><strong>et</strong></span> <span class='ocrx_word' id='word_1_191' title='bbox 1458 2951 1555 3009; x_wconf 90' lang='lat' dir='ltr'><strong>civem</strong></span> 
     </span>
     <span class='ocr_line' id='line_1_26' title="bbox 414 3047 1554 3129; baseline -0.001 -19"><span class='ocrx_word' id='word_1_192' title='bbox 414 3047 638 3112; x_wconf 87' lang='lat' dir='ltr'><strong>arbitrabatur’.</strong></span> <span class='ocrx_word' id='word_1_193' title='bbox 663 3051 716 3126; x_wconf 88' lang='lat' dir='ltr'><strong>[cf.</strong></span> <span class='ocrx_word' id='word_1_194' title='bbox 732 3053 832 3111; x_wconf 90' lang='lat' dir='ltr'><strong>Zeller</strong></span> <span class='ocrx_word' id='word_1_195' title='bbox 846 3054 878 3111; x_wconf 93' lang='lat' dir='ltr'><strong>II</strong></span> <span class='ocrx_word' id='word_1_196' title='bbox 897 3070 908 3111; x_wconf 96' lang='lat'>1</span> <span class='ocrx_word' id='word_1_197' title='bbox 927 3072 956 3129; x_wconf 92' lang='lat' dir='ltr'><strong>p.</strong></span> <span class='ocrx_word' id='word_1_198' title='bbox 977 3049 1062 3126; x_wconf 76' lang='lat'><strong>1403.</strong></span> <span class='ocrx_word' id='word_1_199' title='bbox 1095 3051 1246 3113; x_wconf 90' lang='lat' dir='ltr'><strong>Plutarch.</strong></span> <span class='ocrx_word' id='word_1_200' title='bbox 1269 3047 1343 3128; x_wconf 85' lang='grc' dir='ltr'>περὶ</span> <span class='ocrx_word' id='word_1_201' title='bbox 1363 3051 1469 3128; x_wconf 86' lang='grc' dir='ltr'>φυγῆς</span> <span class='ocrx_word' id='word_1_202' title='bbox 1493 3071 1518 3112; x_wconf 93' lang='lat' dir='ltr'><strong>c.</strong></span> <span class='ocrx_word' id='word_1_203' title='bbox 1537 3066 1554 3125; x_wconf 85' lang='lat'>5</span> 
     </span>
     <span class='ocr_line' id='line_1_27' title="bbox 412 3149 1556 3230; baseline 0.003 -20"><span class='ocrx_word' id='word_1_204' title='bbox 412 3173 441 3229; x_wconf 90' lang='lat' dir='ltr'><strong>p.</strong></span> <span class='ocrx_word' id='word_1_205' title='bbox 454 3153 517 3212; x_wconf 85' lang='grc' dir='ltr'><strong>οοο</strong></span> <span class='ocrx_word' id='word_1_206' title='bbox 532 3154 566 3211; x_wconf 90' lang='lat' dir='ltr'><strong>F.</strong></span> <span class='ocrx_word' id='word_1_207' title='bbox 592 3153 724 3229; x_wconf 87' lang='lat' dir='ltr'><strong>Epictet.</strong></span> <span class='ocrx_word' id='word_1_208' title='bbox 741 3154 879 3229; x_wconf 83' lang='lat' dir='ltr'><strong>disqu</strong></span> <span class='ocrx_word' id='word_1_209' title='bbox 899 3151 946 3230; x_wconf 76' lang='lat'><strong>§1</strong></span> <span class='ocrx_word' id='word_1_210' title='bbox 979 3151 1105 3229; x_wconf 63' lang='lat' dir='ltr'><strong>(etto.</strong></span> <span class='ocrx_word' id='word_1_211' title='bbox 1130 3168 1157 3228; x_wconf 90' lang='lat'><strong>7.</strong></span> <span class='ocrx_word' id='word_1_212' title='bbox 1178 3149 1241 3228; x_wconf 86' lang='lat'><strong>22).</strong></span> <span class='ocrx_word' id='word_1_213' title='bbox 1270 3153 1391 3214; x_wconf 89' lang='lat' dir='ltr'><strong>Muson.</strong></span> <span class='ocrx_word' id='word_1_214' title='bbox 1409 3152 1556 3228; x_wconf 87' lang='lat' dir='ltr'><strong>ap.St0b.</strong></span> 
     </span>
     <span class='ocr_line' id='line_1_28' title="bbox 413 3249 1555 3332; baseline -0.002 -20"><span class='ocrx_word' id='word_1_215' title='bbox 413 3255 478 3314; x_wconf 91' lang='lat' dir='ltr'><strong>flor.</strong></span> <span class='ocrx_word' id='word_1_216' title='bbox 499 3270 550 3332; x_wconf 86' lang='lat'><strong>40,</strong></span> <span class='ocrx_word' id='word_1_217' title='bbox 569 3249 612 3331; x_wconf 83' lang='lat'><strong>9].</strong></span> <span class='ocrx_word' id='word_1_218' title='bbox 656 3252 776 3326; x_wconf 88' lang='lat' dir='ltr'><strong>Quibus</strong></span> <span class='ocrx_word' id='word_1_219' title='bbox 805 3257 904 3314; x_wconf 87' lang='lat' dir='ltr'><strong>verbis</strong></span> <span class='ocrx_word' id='word_1_220' title='bbox 932 3273 1013 3331; x_wconf 90' lang='lat' dir='ltr'><strong>quae</strong></span> <span class='ocrx_word' id='word_1_221' title='bbox 1041 3255 1085 3313; x_wconf 87' lang='lat' dir='ltr'><strong>vis</strong></span> <span class='ocrx_word' id='word_1_222' title='bbox 1107 3255 1178 3312; x_wconf 91' lang='lat' dir='ltr'><strong>insit</strong></span> <span class='ocrx_word' id='word_1_223' title='bbox 1207 3272 1275 3312; x_wconf 93' lang='lat' dir='ltr'><strong>cum</strong></span> <span class='ocrx_word' id='word_1_224' title='bbox 1296 3271 1335 3312; x_wconf 83' lang='lat' dir='ltr'><strong>ex</strong></span> <span class='ocrx_word' id='word_1_225' title='bbox 1362 3255 1435 3312; x_wconf 91' lang='lat' dir='ltr'><strong>locis</strong></span> <span class='ocrx_word' id='word_1_226' title='bbox 1458 3254 1555 3311; x_wconf 86' lang='lat' dir='ltr'><strong>adno-</strong></span> 
     </span>
     <span class='ocr_line' id='line_1_29' title="bbox 415 3349 1555 3430; baseline 0.004 -18"><span class='ocrx_word' id='word_1_227' title='bbox 415 3357 485 3413; x_wconf 85' lang='lat' dir='ltr'><strong>tatis</strong></span> <span class='ocrx_word' id='word_1_228' title='bbox 513 3363 578 3413; x_wconf 89' lang='lat' dir='ltr'><strong>tum</strong></span> <span class='ocrx_word' id='word_1_229' title='bbox 605 3364 733 3430; x_wconf 88' lang='lat' dir='ltr'><strong>apparet</strong></span> <span class='ocrx_word' id='word_1_230' title='bbox 760 3374 797 3414; x_wconf 85' lang='lat' dir='ltr'><strong>ex</strong></span> <span class='ocrx_word' id='word_1_231' title='bbox 827 3357 879 3414; x_wconf 91' lang='lat' dir='ltr'><strong>illo</strong></span> <span class='ocrx_word' id='word_1_232' title='bbox 901 3356 945 3417; x_wconf 92' lang='lat' dir='ltr'><strong>M.</strong></span> <span class='ocrx_word' id='word_1_233' title='bbox 973 3356 1120 3414; x_wconf 90' lang='lat' dir='ltr'><strong>Antonini</strong></span> <span class='ocrx_word' id='word_1_234' title='bbox 1142 3354 1185 3413; x_wconf 94' lang='lat' dir='ltr'><strong>VI</strong></span> <span class='ocrx_word' id='word_1_235' title='bbox 1207 3371 1262 3428; x_wconf 85' lang='lat'><strong>44:</strong></span> <span class='ocrx_word' id='word_1_236' title='bbox 1289 3349 1400 3429; x_wconf 67' lang='grc' dir='ltr'><strong>ίπόλις</strong></span> <span class='ocrx_word' id='word_1_237' title='bbox 1422 3350 1474 3416; x_wconf 83' lang='grc' dir='ltr'><strong>καὶ</strong></span> <span class='ocrx_word' id='word_1_238' title='bbox 1495 3371 1555 3416; x_wconf 89' lang='grc' dir='ltr'><strong>πα-</strong></span> 
     </span>
     <span class='ocr_line' id='line_1_30' title="bbox 414 3451 1555 3538; baseline 0 -21"><span class='ocrx_word' id='word_1_239' title='bbox 414 3452 491 3532; x_wconf 82' lang='grc' dir='ltr'>τρὶς,</span> <span class='ocrx_word' id='word_1_240' title='bbox 516 3452 562 3530; x_wconf 79' lang='grc' dir='ltr'><strong>ὡς</strong></span> <span class='ocrx_word' id='word_1_241' title='bbox 584 3453 641 3530; x_wconf 86' lang='grc' dir='ltr'><strong>μέν</strong></span> <span class='ocrx_word' id='word_1_242' title='bbox 664 3451 846 3538; x_wconf 85' lang='grc' dir='ltr'>Ἀντωνίνιρ</span> <span class='ocrx_word' id='word_1_243' title='bbox 879 3473 931 3531; x_wconf 91' lang='grc' dir='ltr'><strong>μοι</strong></span> <span class='ocrx_word' id='word_1_244' title='bbox 960 3451 979 3531; x_wconf 91' lang='grc' dir='ltr'>ἡ</span> <span class='ocrx_word' id='word_1_245' title='bbox 1000 3451 1115 3532; x_wconf 81' lang='grc' dir='ltr'>Ῥώμη,</span> <span class='ocrx_word' id='word_1_246' title='bbox 1146 3451 1192 3530; x_wconf 81' lang='grc' dir='ltr'><strong>ὡς</strong></span> <span class='ocrx_word' id='word_1_247' title='bbox 1222 3454 1258 3516; x_wconf 82' lang='grc' dir='ltr'><strong>δὲ</strong></span> <span class='ocrx_word' id='word_1_248' title='bbox 1281 3451 1440 3537; x_wconf 85' lang='grc' dir='ltr'>ἀνθρώπῳ</span> <span class='ocrx_word' id='word_1_249' title='bbox 1462 3452 1481 3516; x_wconf 85' lang='grc' dir='ltr'>ὁ</span> <span class='ocrx_word' id='word_1_250' title='bbox 1502 3453 1555 3517; x_wconf 86' lang='grc' dir='ltr'><strong>κό-</strong></span> 
     </span>
     <span class='ocr_line' id='line_1_31' title="bbox 415 3553 1557 3634; baseline 0.001 -16"><span class='ocrx_word' id='word_1_251' title='bbox 415 3569 507 3633; x_wconf 87' lang='grc' dir='ltr'>σμος.</span> <span class='ocrx_word' id='word_1_252' title='bbox 552 3553 600 3618; x_wconf 86' lang='grc' dir='ltr'><strong>Τὰ</strong></span> <span class='ocrx_word' id='word_1_253' title='bbox 622 3557 693 3631; x_wconf 86' lang='grc' dir='ltr'>ταῖς</span> <span class='ocrx_word' id='word_1_254' title='bbox 717 3553 852 3620; x_wconf 86' lang='grc' dir='ltr'>πόλεσιν</span> <span class='ocrx_word' id='word_1_255' title='bbox 876 3553 935 3620; x_wconf 81' lang='grc' dir='ltr'><strong>οὖν</strong></span> <span class='ocrx_word' id='word_1_256' title='bbox 958 3554 1089 3631; x_wconf 86' lang='grc' dir='ltr'>ταύταις</span> <span class='ocrx_word' id='word_1_257' title='bbox 1125 3553 1272 3634; x_wconf 81' lang='grc' dir='ltr'>ὠφέλιμα</span> <span class='ocrx_word' id='word_1_258' title='bbox 1300 3553 1381 3633; x_wconf 89' lang='grc' dir='ltr'>μόνα</span> <span class='ocrx_word' id='word_1_259' title='bbox 1408 3554 1477 3619; x_wconf 86' lang='grc' dir='ltr'>ἐστί</span> <span class='ocrx_word' id='word_1_260' title='bbox 1505 3575 1557 3634; x_wconf 88' lang='grc' dir='ltr'><strong>μοι</strong></span> 
     </span>
     <span class='ocr_line' id='line_1_32' title="bbox 415 3643 1557 3734; baseline 0 -17"><span class='ocrx_word' id='word_1_261' title='bbox 415 3643 544 3731; x_wconf 51' lang='grc' dir='ltr'>ἀγαθάῖ</span> <span class='ocrx_word' id='word_1_262' title='bbox 570 3687 605 3698; x_wconf 21' lang='grc' dir='ltr'><strong>--Ᾰ</strong></span> <span class='ocrx_word' id='word_1_263' title='bbox 629 3659 732 3734; x_wconf 90' lang='lat' dir='ltr'><strong>Atque</strong></span> <span class='ocrx_word' id='word_1_264' title='bbox 747 3658 865 3717; x_wconf 92' lang='lat' dir='ltr'><strong>Tullius</strong></span> <span class='ocrx_word' id='word_1_265' title='bbox 888 3660 953 3734; x_wconf 90' lang='lat' dir='ltr'><strong>ipse</strong></span> <span class='ocrx_word' id='word_1_266' title='bbox 969 3655 985 3734; x_wconf 65' lang='grc' dir='ltr'>ξ</span> <span class='ocrx_word' id='word_1_267' title='bbox 1003 3675 1036 3716; x_wconf 88' lang='lat'><strong>21</strong></span> <span class='ocrx_word' id='word_1_268' title='bbox 1058 3676 1101 3733; x_wconf 91' lang='lat' dir='ltr'><strong>sq.</strong></span> <span class='ocrx_word' id='word_1_269' title='bbox 1128 3659 1243 3716; x_wconf 91' lang='lat' dir='ltr'><strong>indicat</strong></span> <span class='ocrx_word' id='word_1_270' title='bbox 1258 3675 1292 3716; x_wconf 93' lang='lat' dir='ltr'><strong>se</strong></span> <span class='ocrx_word' id='word_1_271' title='bbox 1310 3658 1461 3717; x_wconf 87' lang='lat' dir='ltr'><strong>Antiocho</strong></span> <span class='ocrx_word' id='word_1_272' title='bbox 1483 3677 1557 3717; x_wconf 87' lang='lat' dir='ltr'><strong>auc·</strong></span> 
     </span>
    </p>
   </div>
   <div class='ocr_carea' id='block_1_5' title="bbox 296 3753 1556 3838">
    <p class='ocr_par' dir='ltr' id='par_1_8' title="bbox 296 3753 1556 3838">
     <span class='ocr_line' id='line_1_33' title="bbox 296 3753 1556 3838; baseline 0.003 -24"><span class='ocrx_word' id='word_1_273' title='bbox 296 3807 303 3823; x_wconf 87' lang='grc'>,</span> <span class='ocrx_word' id='word_1_274' title='bbox 415 3765 481 3816; x_wconf 90' lang='lat' dir='ltr'><strong>tore</strong></span> <span class='ocrx_word' id='word_1_275' title='bbox 503 3759 555 3828; x_wconf 90' lang='lat' dir='ltr'><strong>uti,</strong></span> <span class='ocrx_word' id='word_1_276' title='bbox 577 3759 630 3816; x_wconf 93' lang='lat' dir='ltr'><strong>ubi</strong></span> <span class='ocrx_word' id='word_1_277' title='bbox 645 3759 799 3835; x_wconf 89' lang='lat' dir='ltr'><strong>antiquam</strong></span> <span class='ocrx_word' id='word_1_278' title='bbox 819 3760 1043 3836; x_wconf 85' lang='lat' dir='ltr'><strong>philosophiam</strong></span> <span class='ocrx_word' id='word_1_279' title='bbox 1063 3755 1094 3836; x_wconf 66' lang='grc' dir='ltr'><strong>[ξ</strong></span> <span class='ocrx_word' id='word_1_280' title='bbox 1110 3753 1164 3838; x_wconf 83' lang='lat'><strong>34]</strong></span> <span class='ocrx_word' id='word_1_281' title='bbox 1189 3770 1256 3818; x_wconf 87' lang='lat' dir='ltr'><strong>cum</strong></span> <span class='ocrx_word' id='word_1_282' title='bbox 1269 3759 1379 3818; x_wconf 89' lang='lat' dir='ltr'><strong>Stoicis</strong></span> <span class='ocrx_word' id='word_1_283' title='bbox 1400 3768 1556 3836; x_wconf 91' lang='lat' dir='ltr'><strong>comparat</strong></span> 
     </span>
    </p>
   </div>
   <div class='ocr_carea' id='block_1_6' title="bbox 415 3857 1556 4643">
    <p class='ocr_par' dir='ltr' id='par_1_9' title="bbox 415 3857 1556 4338">
     <span class='ocr_line' id='line_1_34' title="bbox 416 3857 1555 3936; baseline 0.005 -24"><span class='ocrx_word' id='word_1_284' title='bbox 416 3865 448 3915; x_wconf 89' lang='lat' dir='ltr'><strong>et</strong></span> <span class='ocrx_word' id='word_1_285' title='bbox 468 3857 535 3915; x_wconf 92' lang='lat' dir='ltr'><strong>illos</strong></span> <span class='ocrx_word' id='word_1_286' title='bbox 562 3866 681 3916; x_wconf 86' lang='lat' dir='ltr'><strong>veteres</strong></span> <span class='ocrx_word' id='word_1_287' title='bbox 701 3877 770 3918; x_wconf 92' lang='lat' dir='ltr'><strong>cum</strong></span> <span class='ocrx_word' id='word_1_288' title='bbox 792 3860 988 3918; x_wconf 88' lang='lat' dir='ltr'><strong>Aristotelem</strong></span> <span class='ocrx_word' id='word_1_289' title='bbox 1015 3869 1046 3918; x_wconf 91' lang='lat' dir='ltr'><strong>et</strong></span> <span class='ocrx_word' id='word_1_290' title='bbox 1068 3861 1285 3929; x_wconf 89' lang='lat' dir='ltr'><strong>Xenocratem,</strong></span> <span class='ocrx_word' id='word_1_291' title='bbox 1315 3867 1380 3917; x_wconf 90' lang='lat' dir='ltr'><strong>tum</strong></span> <span class='ocrx_word' id='word_1_292' title='bbox 1411 3860 1555 3936; x_wconf 88' lang='lat' dir='ltr'><strong>Speusip-</strong></span> 
     </span>
     <span class='ocr_line' id='line_1_35' title="bbox 415 3954 1554 4038; baseline 0.004 -24"><span class='ocrx_word' id='word_1_293' title='bbox 415 3975 488 4034; x_wconf 91' lang='lat' dir='ltr'><strong>pum</strong></span> <span class='ocrx_word' id='word_1_294' title='bbox 514 3957 773 4036; x_wconf 89' lang='lat' dir='ltr'><strong>Polemonemque</strong></span> <span class='ocrx_word' id='word_1_295' title='bbox 796 3977 866 4018; x_wconf 90' lang='lat' dir='ltr'><strong>esse</strong></span> <span class='ocrx_word' id='word_1_296' title='bbox 887 3961 963 4018; x_wconf 88' lang='lat' dir='ltr'><strong>dicit</strong></span> <span class='ocrx_word' id='word_1_297' title='bbox 986 3954 1038 4038; x_wconf 87' lang='lat' dir='ltr'><strong>[cf.</strong></span> <span class='ocrx_word' id='word_1_298' title='bbox 1053 3961 1069 4031; x_wconf 67' lang='grc' dir='ltr'><strong>ἓ</strong></span> <span class='ocrx_word' id='word_1_299' title='bbox 1087 3977 1126 4034; x_wconf 87' lang='lat'><strong>30</strong></span> <span class='ocrx_word' id='word_1_300' title='bbox 1141 3968 1172 4017; x_wconf 93' lang='lat' dir='ltr'><strong>et</strong></span> <span class='ocrx_word' id='word_1_301' title='bbox 1187 3956 1203 4034; x_wconf 61' lang='grc' dir='ltr'>ᾗ</span> <span class='ocrx_word' id='word_1_302' title='bbox 1219 3955 1288 4037; x_wconf 80' lang='lat' dir='ltr'><strong>3q];</strong></span> <span class='ocrx_word' id='word_1_303' title='bbox 1317 3960 1422 4018; x_wconf 86' lang='lat' dir='ltr'><strong>aliisne</strong></span> <span class='ocrx_word' id='word_1_304' title='bbox 1451 3969 1554 4019; x_wconf 89' lang='lat' dir='ltr'><strong>autem</strong></span> 
     </span>
     <span class='ocr_line' id='line_1_36' title="bbox 415 4059 1555 4138; baseline 0.004 -22"><span class='ocrx_word' id='word_1_305' title='bbox 415 4077 454 4116; x_wconf 85' lang='lat' dir='ltr'><strong>ex</strong></span> <span class='ocrx_word' id='word_1_306' title='bbox 476 4059 610 4118; x_wconf 89' lang='lat' dir='ltr'><strong>fontibus</strong></span> <span class='ocrx_word' id='word_1_307' title='bbox 641 4061 701 4119; x_wconf 90' lang='lat' dir='ltr'><strong>alia</strong></span> <span class='ocrx_word' id='word_1_308' title='bbox 721 4061 851 4138; x_wconf 87' lang='lat' dir='ltr'><strong>petierit,</strong></span> <span class='ocrx_word' id='word_1_309' title='bbox 874 4062 953 4120; x_wconf 90' lang='lat' dir='ltr'><strong>hanc</strong></span> <span class='ocrx_word' id='word_1_310' title='bbox 987 4062 1201 4138; x_wconf 87' lang='lat' dir='ltr'><strong>quaestionem</strong></span> <span class='ocrx_word' id='word_1_311' title='bbox 1231 4078 1313 4119; x_wconf 91' lang='lat' dir='ltr'><strong>nunc</strong></span> <span class='ocrx_word' id='word_1_312' title='bbox 1340 4069 1500 4136; x_wconf 86' lang='lat' dir='ltr'><strong>praetereo</strong></span> <span class='ocrx_word' id='word_1_313' title='bbox 1521 4070 1555 4120; x_wconf 89' lang='lat' dir='ltr'><strong>ut</strong></span> 
     </span>
     <span class='ocr_line' id='line_1_37' title="bbox 415 4161 1556 4239; baseline 0.006 -23"><span class='ocrx_word' id='word_1_314' title='bbox 415 4161 540 4218; x_wconf 88' lang='lat' dir='ltr'><strong>redeam</strong></span> <span class='ocrx_word' id='word_1_315' title='bbox 569 4162 610 4219; x_wconf 88' lang='lat' dir='ltr'><strong>ad</strong></span> <span class='ocrx_word' id='word_1_316' title='bbox 635 4161 716 4221; x_wconf 88' lang='lat' dir='ltr'><strong>illam</strong></span> <span class='ocrx_word' id='word_1_317' title='bbox 742 4163 886 4239; x_wconf 86' lang='lat' dir='ltr'><strong>tabulam,</strong></span> <span class='ocrx_word' id='word_1_318' title='bbox 924 4180 1016 4238; x_wconf 89' lang='lat' dir='ltr'><strong>quam</strong></span> <span class='ocrx_word' id='word_1_319' title='bbox 1039 4161 1096 4220; x_wconf 90' lang='lat' dir='ltr'><strong>etsi</strong></span> <span class='ocrx_word' id='word_1_320' title='bbox 1121 4163 1253 4220; x_wconf 90' lang='lat' dir='ltr'><strong>breviter</strong></span> <span class='ocrx_word' id='word_1_321' title='bbox 1280 4170 1383 4220; x_wconf 90' lang='lat' dir='ltr'><strong>tamen</strong></span> <span class='ocrx_word' id='word_1_322' title='bbox 1415 4181 1477 4222; x_wconf 90' lang='lat' dir='ltr'><strong>non</strong></span> <span class='ocrx_word' id='word_1_323' title='bbox 1500 4163 1556 4222; x_wconf 91' lang='lat' dir='ltr'><strong>ob·</strong></span> 
     </span>
     <span class='ocr_line' id='line_1_38' title="bbox 417 4260 1008 4338; baseline 0.007 -21"><span class='ocrx_word' id='word_1_324' title='bbox 417 4277 504 4318; x_wconf 90' lang='lat' dir='ltr'><strong>scure</strong></span> <span class='ocrx_word' id='word_1_325' title='bbox 525 4261 648 4336; x_wconf 87' lang='lat' dir='ltr'><strong>respicit</strong></span> <span class='ocrx_word' id='word_1_326' title='bbox 671 4260 778 4320; x_wconf 89' lang='lat' dir='ltr'><strong>Cicero</strong></span> <span class='ocrx_word' id='word_1_327' title='bbox 802 4263 894 4322; x_wconf 87' lang='lat' dir='ltr'><strong>Tusc.</strong></span> <span class='ocrx_word' id='word_1_328' title='bbox 909 4263 939 4321; x_wconf 89' lang='lat'><strong>11</strong></span> <span class='ocrx_word' id='word_1_329' title='bbox 957 4277 1008 4338; x_wconf 85' lang='lat'><strong>15:</strong></span> 
     </span>
    </p>

    <p class='ocr_par' dir='ltr' id='par_1_10' title="bbox 416 4354 1555 4643">
     <span class='ocr_line' id='line_1_39' title="bbox 513 4354 1555 4437; baseline 0.005 -20"><span class='ocrx_word' id='word_1_330' title='bbox 513 4354 661 4419; x_wconf 82' lang='lat' dir='ltr'><strong>‘Primum</strong></span> <span class='ocrx_word' id='word_1_331' title='bbox 684 4362 775 4437; x_wconf 87' lang='lat' dir='ltr'><strong>igitur</strong></span> <span class='ocrx_word' id='word_1_332' title='bbox 796 4365 836 4420; x_wconf 90' lang='lat' dir='ltr'><strong>de</strong></span> <span class='ocrx_word' id='word_1_333' title='bbox 859 4364 1068 4423; x_wconf 84' lang='lat' dir='ltr'><strong>imbecillitate</strong></span> <span class='ocrx_word' id='word_1_334' title='bbox 1091 4365 1253 4424; x_wconf 88' lang='lat' dir='ltr'><strong>multorum</strong></span> <span class='ocrx_word' id='word_1_335' title='bbox 1274 4374 1306 4424; x_wconf 91' lang='lat' dir='ltr'><strong>et</strong></span> <span class='ocrx_word' id='word_1_336' title='bbox 1323 4367 1364 4424; x_wconf 95' lang='lat' dir='ltr'><strong>de</strong></span> <span class='ocrx_word' id='word_1_337' title='bbox 1386 4364 1473 4424; x_wconf 89' lang='lat' dir='ltr'><strong>variis</strong></span> <span class='ocrx_word' id='word_1_338' title='bbox 1494 4365 1555 4422; x_wconf 93' lang='lat' dir='ltr'><strong>dis·</strong></span> 
     </span>
     <span class='ocr_line' id='line_1_40' title="bbox 416 4461 1554 4542; baseline 0.005 -25"><span class='ocrx_word' id='word_1_339' title='bbox 416 4461 534 4536; x_wconf 91' lang='lat' dir='ltr'><strong>ciplinis</strong></span> <span class='ocrx_word' id='word_1_340' title='bbox 559 4461 808 4538; x_wconf 91' lang='lat' dir='ltr'><strong>philosophorum</strong></span> <span class='ocrx_word' id='word_1_341' title='bbox 837 4465 953 4541; x_wconf 86' lang='lat' dir='ltr'><strong>loquar,</strong></span> <span class='ocrx_word' id='word_1_342' title='bbox 988 4482 1117 4540; x_wconf 91' lang='lat' dir='ltr'><strong>quorum</strong></span> <span class='ocrx_word' id='word_1_343' title='bbox 1145 4466 1287 4542; x_wconf 84' lang='lat' dir='ltr'><strong>princeps</strong></span> <span class='ocrx_word' id='word_1_344' title='bbox 1316 4474 1347 4525; x_wconf 90' lang='lat' dir='ltr'><strong>et</strong></span> <span class='ocrx_word' id='word_1_345' title='bbox 1374 4466 1554 4525; x_wconf 89' lang='lat' dir='ltr'><strong>auctoritate</strong></span> 
     </span>
     <span class='ocr_line' id='line_1_41' title="bbox 417 4562 1555 4643; baseline 0.006 -25"><span class='ocrx_word' id='word_1_346' title='bbox 417 4569 448 4619; x_wconf 88' lang='lat' dir='ltr'><strong>et</strong></span> <span class='ocrx_word' id='word_1_347' title='bbox 472 4563 655 4638; x_wconf 84' lang='lat' dir='ltr'><strong>antiquitate</strong></span> <span class='ocrx_word' id='word_1_348' title='bbox 677 4562 849 4624; x_wconf 89' lang='lat' dir='ltr'><strong>Socraticus</strong></span> <span class='ocrx_word' id='word_1_349' title='bbox 871 4566 1043 4643; x_wconf 88' lang='lat' dir='ltr'><strong>Aristippus</strong></span> <span class='ocrx_word' id='word_1_350' title='bbox 1066 4585 1129 4626; x_wconf 89' lang='lat' dir='ltr'><strong>non</strong></span> <span class='ocrx_word' id='word_1_351' title='bbox 1151 4567 1300 4626; x_wconf 87' lang='lat' dir='ltr'><strong>dubitavit</strong></span> <span class='ocrx_word' id='word_1_352' title='bbox 1321 4585 1471 4627; x_wconf 91' lang='lat' dir='ltr'><strong>summum</strong></span> <span class='ocrx_word' id='word_1_353' title='bbox 1491 4584 1555 4626; x_wconf 89' lang='lat' dir='ltr'><strong>ma·</strong></span> 
     </span>
    </p>
   </div>
   <div class='ocr_carea' id='block_1_7' title="bbox 0 0 1796 5406">
    <p class='ocr_par' dir='ltr' id='par_1_11' title="bbox 0 0 1796 5406">
     <span class='ocr_line' id='line_1_42' title="bbox 0 0 1796 5406; baseline 0 0"><span class='ocrx_word' id='word_1_354' title='bbox 0 0 1796 5406; x_wconf 95' lang='lat' dir='ltr'><strong> </strong></span> 
     </span>
    </p>
   </div>
  </div>
 </body>
</html>
