3566 5406
889 535 1090 594 „24..

417 706 502 767 Stob.
517 706 617 780 11248
632 706 671 767 H.
697 721 795 782 119,3
813 705 859 767 W.
883 707 921 768 ci.
939 705 998 765 286
1012 706 1051 769 H.
1078 723 1144 785 134,
1165 725 1202 767 ro
1216 709 1262 769 W.
1291 709 1391 768 Simile
1406 707 1466 766 hoc
1481 727 1556 766 con·

417 809 496 884 gruit
524 827 593 867 cum
620 808 751 877 medico,
784 826 844 884 quo
875 809 915 865 de
944 809 1059 866 dictum
1087 817 1134 866 est
1155 829 1185 885 p.
1206 827 1252 884 14.
1277 842 1314 852 —
1339 809 1558 884 Quaecumque

416 909 510 967 eflicit
531 909 730 985 providentia,
764 913 847 969 bona
876 918 962 986 sunt;
996 911 1135 986 quaestio
1164 910 1254 986 igitur
1287 913 1329 988 fit,
1360 914 1444 971 unde
1477 915 1558 973 mala

347 1081 349 1084 Ι
418 1018 484 1068 orta
506 1005 584 1068 sint1
607 1000 635 1092 [ἕ
654 1001 717 1092 41].
769 1010 859 1069 Haec
884 1012 973 1087 fiunt,
1008 1013 1032 1070 si
1065 1012 1150 1088 leges
1181 1021 1309 1072 naturae
1342 1015 1557 1090 negleguntu13

419 1129 493 1185 ergo
515 1130 563 1181 ea,
587 1129 667 1188 quae
690 1130 708 1169 a
730 1101 840 1171 natura
860 1114 1095 1189 praecipiuntur,
1119 1117 1337 1190 cognoscenda
1359 1125 1440 1176 sunt.
1468 1116 1558 1176 Hanc

418 1213 459 1269 ad
482 1213 689 1288 cognitionem
719 1214 813 1272 homo
840 1233 859 1272 a
879 1215 1071 1290 providentia
1095 1216 1208 1290 optime
1231 1216 1387 1275 institutus
1410 1226 1469 1287 est,
1500 1219 1557 1276 sed

419 1312 516 1388 ipsam
538 1315 619 1373 illam
633 1315 701 1392 ipse
723 1315 779 1373 sibi
801 1333 910 1390 parare
932 1316 1035 1373 debet.
1073 1315 1152 1373 Nam
1173 1317 1266 1374 homo
1282 1317 1357 1375 liber
1379 1335 1433 1376 sua
1448 1327 1559 1394 sponte

418 1416 500 1474 bona
515 1425 660 1492 appetere
672 1418 775 1486 debet,
799 1434 890 1493 quam
908 1418 950 1474 ad
965 1435 1029 1474 rem
1045 1418 1138 1476 talem
1154 1428 1290 1476 mentem
1301 1421 1330 1478 ei
1348 1428 1455 1480 natura
1470 1421 1557 1479 dedit

419 1514 470 1594 [cf.
484 1513 571 1598 359}
592 1507 789 1577 ‘Intrandum
810 1518 902 1593 igitur
920 1526 969 1576 est
984 1520 1015 1576 in
1032 1537 1131 1576 rerum
1147 1528 1286 1578 naturam
1302 1530 1333 1579 et
1347 1522 1469 1598 penitus
1485 1521 1559 1598 quid

417 1639 455 1680 ea
475 1622 610 1696 postulet
631 1607 877 1696 pervidendum’.
920 1621 950 1694 [ἓ
966 1621 1020 1696 44]
1043 1640 1116 1679 nam
1139 1623 1204 1680 sola
1225 1631 1354 1683 naturae
1384 1626 1559 1700 cognitione

419 1745 457 1785 eo
479 1728 681 1802 pervenimus,
706 1735 739 1784 ut
760 1727 840 1784 mala
854 1726 991 1796 vitemus
1014 1728 1098 1785 bona
1115 1727 1328 1802 adipiscamur.
1370 1729 1411 1786 Et
1432 1729 1474 1787 ad
1496 1747 1561 1787 om·

418 1830 469 1888 nia
490 1829 568 1888 haec
584 1831 802 1906 cognoscenda
823 1849 978 1890 movemur
997 1832 1064 1907 ipsa
1085 1839 1194 1890 natura
1215 1840 1245 1888 et
1261 1849 1299 1890 ea
1316 1831 1354 1909 vi,
1378 1848 1457 1906 quae
1481 1831 1562 1888 inest

421 1941 451 1989 et
471 1932 502 1989 in
525 1949 653 2006 corpore
675 1939 708 1990 et
728 1931 760 1990 in
776 1932 879 1990 animo
901 1941 1008 1991 nostro
1027 1927 1060 2010 [ἕ
1075 1933 1116 2006 46
1132 1928 1192 2010 sq]
1214 1932 1230 2004 ἕ
1247 1946 1285 2004 55
1302 1950 1347 2008 sq.
1370 1932 1561 1991 demonstra·

420 2040 467 2090 tur
490 2031 609 2091 animus
634 2050 755 2108 semper
777 2035 931 2109 agendum
955 2034 1070 2110 aliquid
1092 2042 1236 2111 appetere
1259 2065 1297 2074 —
1320 2051 1377 2091 nos
1403 2033 1444 2090 ad
1466 2051 1561 2107 agen·

421 2135 494 2191 dum
517 2134 581 2192 nati
603 2152 706 2192 sumus
729 2129 759 2213 [ξ
775 2130 839 2214 58].
875 2135 1005 2194 Videtur
1026 2136 1103 2196 haec
1124 2155 1193 2211 pars
1216 2135 1405 2211 respondere
1422 2134 1463 2192 ad
1479 2133 1562 2191 illum

419 2230 598 2310 ὁρμητικόν.
642 2234 722 2292 Tum
747 2235 818 2308 §58
850 2236 982 2294 breviter
1010 2237 1148 2295 actiones
1178 2243 1463 2296 commemorantur.
1507 2234 1562 2292 Di-

419 2336 613 2412 stinguuntur
635 2332 703 2412 βίος
723 2332 918 2414 θεωρητικός
942 2345 973 2395 et
997 2334 1064 2414 βίος
1085 2333 1266 2414 πρακτικός.
1304 2336 1462 2395 Pertinent
1485 2336 1562 2395 haec

421 2437 462 2506 ad
483 2437 605 2495 tertium
626 2437 709 2495 illum
729 2433 912 2513 πρακτικόν.

519 2537 582 2596 Sed
603 2556 643 2596 ne
662 2538 782 2613 longius
798 2540 959 2615 provehar,
981 2540 1060 2599 haec
1081 2541 1256 2599 omittamus
1278 2549 1310 2598 et
1326 2542 1560 2615 complectamur

420 2639 529 2697 seriem
551 2640 811 2717 philosophorum,
837 2642 889 2716 qui
910 2643 948 2700 ab
970 2641 1124 2700 Antiocho
1147 2643 1267 2701 tractati
1289 2637 1377 2702 sint2.
1423 2640 1564 2698 Vidimus

421 2742 485 2798 duo
506 2759 621 2816 genera
645 2742 790 2801 distincta
819 2761 888 2801 esse
910 2743 941 2801 in
964 2743 1080 2818 scriptis
1103 2741 1267 2814 Ciceronis,
1300 2743 1428 2801 alterum
1449 2759 1563 2814 eorum,

421 2860 549 2918 quorum
585 2843 780 2902 definitiones
803 2844 911 2903 summi
943 2845 1015 2903 boni
1043 2845 1168 2904 omnino
1201 2855 1234 2903 ut
1262 2845 1358 2903 falsae
1390 2843 1565 2903 reiciendae

421 2953 517 3020 erant,
539 2945 669 3003 alterum
694 2963 808 3014 eorum,
831 2947 909 3004 inter
932 2963 1008 3021 quos
1031 2946 1189 3005 contentio
1212 2955 1276 3004 erat
1299 2963 1488 3023 quorumque
1510 2945 1566 3002 de·

422 3045 574 3104 finitiones
609 3047 732 3104 tabulae
763 3047 896 3105 insertae
930 3056 1008 3107 sunt.
1051 3047 1153 3123 Atque
1186 3047 1297 3106 eadem
1324 3045 1383 3105 hac
1416 3045 1565 3103 divisione

423 3146 583 3221 disciplina
605 3145 773 3216 Platonica,
802 3165 894 3224 quam
917 3148 993 3205 dixit
1015 3147 1193 3218 Antiochus
1222 3148 1254 3205 id
1275 3156 1324 3205 est
1345 3147 1479 3206 omnium
1500 3145 1567 3222 phi·

424 3247 630 3323 losophorum,
664 3249 716 3324 qui
741 3249 817 3330 inde
845 3269 864 3308 a
886 3250 1013 3310 Platone
1042 3250 1161 3309 scholas
1187 3250 1354 3319 habebant,
1386 3246 1567 3322 disiungitur

425 3366 443 3404 a
466 3348 573 3406 ceteris
595 3349 795 3426 philosophis,
818 3350 882 3409 sive
905 3350 1078 3421 Socraticis,
1101 3359 1135 3409 ut
1153 3351 1315 3426 Megaricis
1341 3357 1372 3408 et
1394 3347 1566 3416 Eretriacis‚

423 3449 485 3506 sive
514 3449 560 3519 iis,
593 3451 645 3527 qui
670 3459 762 3509 antea
796 3451 928 3511 fuerunt.
973 3451 1105 3528 Sceptici
1132 3453 1272 3510 nimirum
1301 3451 1426 3509 omnino
1453 3447 1567 3507 exclusi

426 3559 504 3618 sunt,
536 3569 605 3609 cum
630 3552 687 3628 ipsi
713 3569 780 3609 cum
812 3552 965 3626 dogmatis
995 3570 1118 3611 omnem
1143 3552 1367 3630 philosophiam
1394 3549 1568 3609 sustulerint

424 3648 477 3722 [ci.
501 3651 790 3728 Acad.1127].-
823 3651 873 3711 Sic
905 3653 999 3711 oritur
1031 3653 1080 3712 hic
1113 3654 1272 3728 catalogus
1305 3653 1567 3730 philosophorum,

423 3793 620 3800 —-.......--.-..

523 3862 599 3918 ¹Ad
619 3868 687 3918 hanc
712 3869 893 3935 quaestionem
917 3869 952 3920 ci.
970 3869 1049 3920 Tusc.
1067 3870 1109 3918 111
1131 3881 1170 3936 15,
1183 3871 1288 3934 31.,16,
1299 3883 1344 3934 34.
1368 3871 1402 3920 de
1421 3870 1495 3920 deor.
1513 3874 1567 3920 nat.

427 3956 469 4004 111
488 3955 530 4015 28,
544 3967 585 4020 71.
611 3968 653 4019 30,
664 3967 706 4021 75.
730 3959 857 4006 Hortens.
878 3957 968 4020 fragm.
987 3969 1030 4020 31.

532 4040 727 4095 2Adiciendus
747 4053 787 4095 est
809 4045 877 4095 locis
898 4061 930 4095 eu
948 4045 1075 4095 Cicerone
1094 4045 1181 4094 allatis
1201 4045 1234 4094 de
1252 4045 1332 4095 divin.
1350 4046 1364 4094 I
1381 4042 1397 4114 ξ
1412 4057 1435 4111 5.
1462 4046 1494 4094 de
1513 4061 1569 4094 ora-

423 4140 482 4182 tore
494 4133 507 4181 1
517 4149 539 4182 c.
550 4143 580 4197 51
596 4131 684 4198 §aaa
702 4133 745 4182 111
763 4150 786 4184 c.
805 4133 836 4182 16
848 4131 862 4198 ξ
875 4145 907 4199 59
929 4131 992 4198 [quo
1006 4149 1063 4182 cum
1076 4132 1492 4198 lococf.,QuintilianiX112,23
1507 4131 1569 4198 sq.].

427 4219 468 4269 De
485 4220 528 4269 his
547 4219 614 4270 locis
634 4236 711 4286 spero
739 4237 780 4270 me
798 4221 864 4271 alias
884 4222 1065 4286 quaestionem
1084 4221 1211 4272 facturum
1232 4237 1297 4274 esse.
1316 4249 1351 4258 -
1370 4223 1436 4271 Tum
1456 4227 1568 4286 praeter·

425 4307 613 4376 eundum2non
632 4313 679 4368 est,
709 4309 780 4374 quod
798 4309 864 4374 ipsis
888 4309 916 4358 in
936 4309 1098 4358 orationibus
1122 4309 1214 4360 tabula
1237 4308 1284 4359 illa
1308 4314 1525 4359 commemoratur
1541 4313 1570 4358 ut

423 4395 451 4444 in
467 4412 503 4445 or.
523 4412 571 4461 pro
589 4396 627 4446 M.
646 4396 738 4446 Caelio
760 4413 782 4448 c.
799 4407 830 4460 17
849 4395 908 4462 §41
931 4402 957 4446 et
981 4397 1008 4445 in
1030 4413 1068 4447 or.
1093 4397 1121 4445 in
1139 4397 1265 4447 Pisonem
1289 4412 1310 4448 c.
1326 4396 1359 4445 28
1379 4391 1451 4462 §on
1489 4394 1567 4442 Hanc

424 4501 478 4534 rem
496 4483 629 4535 inanimo
651 4485 750 4536 habere
769 4487 858 4546 debet,
887 4485 932 4552 qui
950 4486 1093 4554 scripturus
1118 4492 1158 4538 est
1176 4487 1210 4538 de
1230 4485 1364 4537 Ciceronis
1389 4491 1443 4534 arte
1464 4483 1493 4534 in
1516 4497 1572 4532 ora·

421 4572 536 4624 tionibus
556 4573 751 4640 componendis.
