3566 5406
740 547 947 612 ,4,-

369 721 404 779 Ιιι
426 719 518 778 Sexti
537 721 685 795 Empt'rt'ci
713 721 795 778 libris
825 721 1001 782 brevissime
1034 721 1143 780 divisio
1172 723 1222 780 illa
1253 723 1415 800 perstringi

270 823 391 880 videtur
405 821 507 898 Pyrrh.
524 821 604 899 Hyp.
623 818 642 882 Γ
661 835 717 896 175
736 816 779 897 [oi
795 818 852 897 μὲν
868 816 987 898 ἀρετὴν
1001 819 1168 900 λέγοντες,
1184 820 1214 885 oi
1229 821 1266 886 δὲ
1285 821 1416 901 ἡδονὴν,

270 1040 308 1108 [V
323 1053 345 1100 1,
357 1038 420 1106 396]
442 1041 510 1102 1096
523 1042 549 1091 D
567 1039 604 1108 [V
618 1053 642 1106 1,
654 1038 718 1106 404]
739 1037 1005 1106 [’κατασυβωτεῑνἹ.
1044 1041 1163 1094 Method.
1175 1043 1208 1092 ad
1221 1044 1315 1096 Matth.
1329 1045 1415 1095 vno

268 1148 308 1196 ap.
328 1130 406 1179 Phot.
427 1131 486 1181 cod.
507 1141 565 1196 235.
586 1157 618 1166 -
639 1129 768 1199 Quoniam
787 1127 853 1177 hanc
873 1119 1056 1194 quaestionem
1074 1131 1158 1196 tetigi,
1178 1133 1256 1182 etiam
1274 1133 1415 1182 dicendum
1477 1161 1482 1168 ·

270 1226 311 1269 est
328 1220 363 1268 de
383 1217 583 1269 dormientibus.
624 1217 792 1279 Augustinus
816 1217 886 1266 enim
908 1216 1046 1266 nonnullis
1069 1217 1138 1268 locis
1161 1220 1299 1286 Scepticos
1322 1221 1416 1272 dormi·

269 1315 343 1358 entes
367 1306 491 1374 appellat,
520 1307 556 1356 ita
575 1306 617 1356 sui
639 1304 766 1370 temporis
790 1304 925 1371 Scepticos
950 1306 1103 1371 perstringit
1127 1307 1202 1372 epist.
1226 1310 1265 1357 11
1290 1308 1366 1376 [Hp.
1389 1309 1414 1376 1]

266 1397 369 1448 ‘Tanta
388 1413 467 1463 porro
488 1411 557 1446 nunc
575 1396 639 1458 luga
654 1393 754 1446 laboris
775 1401 801 1444 et
818 1393 919 1443 incuria
936 1394 1065 1444 bonarum
1085 1395 1186 1455 artium,
1210 1402 1239 1445 ut
1257 1397 1414 1464 simulatque

269 1487 395 1547 sonuerit,
415 1485 571 1536 acutissimis
589 1483 760 1550 philosophis
780 1497 839 1532 esse
858 1482 952 1542 visum,
975 1483 1042 1533 nihil
1060 1499 1141 1549 posse
1160 1485 1357 1550 comprehendi,
1377 1486 1415 1536 di·

267 1576 370 1625 mittant
387 1581 486 1625 mentes
505 1583 531 1624 et
556 1575 584 1623 in
603 1580 735 1623 aeternum
755 1572 896 1623 abducant.
933 1572 996 1620 Non
1016 1572 1085 1621 enim
1105 1573 1200 1622 audent
1220 1574 1366 1624 vivaciores
1386 1590 1414 1624 se

266 1665 322 1714 illis
341 1664 457 1723 credere,
475 1672 504 1713 ut
523 1662 576 1712 sibi
595 1668 727 1727 appareat,
748 1661 820 1726 quod
839 1667 912 1710 tanto
932 1660 1030 1719 studio,
1047 1661 1165 1723 ingenio,
1185 1662 1249 1722 otio,
1269 1668 1321 1712 tam
1340 1663 1415 1714 deni·

265 1769 316 1818 que
335 1752 418 1802 multa
435 1750 629 1817 multiplicique
656 1749 775 1798 doctrina
795 1748 907 1798 inveniri
924 1764 977 1798 non
1001 1749 1096 1814 potuit.
1133 1748 1161 1799 Si
1185 1766 1247 1800 veto
1269 1752 1347 1801 etiarn
1367 1751 1414 1801 ali·

267 1849 392 1907 quantum
425 1841 577 1890 obnitentes
606 1837 731 1886 adversus
755 1837 887 1901 pigritiam
913 1836 1026 1900 legerint
1049 1837 1157 1886 eosdem
1179 1837 1282 1897 libros,
1316 1839 1413 1905 quibus

267 1930 343 1995 quasi
361 1929 510 1978 ostenditur
538 1933 647 1975 naturae
666 1925 795 1974 humanae
816 1925 944 1987 denegata
964 1925 1109 1990 perceptio,
1138 1931 1211 1975 tanto
1232 1925 1331 1993 [toto‘i]
1358 1943 1413 1977 cor·

264 2033 331 2083 pore
348 2016 549 2074 indormiscunt,
566 2020 594 2063 ut
613 2028 661 2063 nec
679 2012 787 2062 caelesti
805 2012 870 2062 tuba
888 2011 1034 2074 evigilent.
1059 2012 1125 2061 Tum
1144 2013 1217 2078 ipsos
1234 2014 1411 2064 Academicos

267 2104 380 2154 dormire
397 2104 461 2152 dicit
480 2110 571 2152 contra
588 2101 639 2150 litt.
659 2098 787 2150 Petiliani
804 2099 892 2148 11126
914 2098 968 2165 [IX
980 2115 1007 2166 p,
1022 2111 1072 2163 309
1086 2098 1120 2165 F]
1140 2091 1293 2151 ‘Postremo
1312 2102 1336 2151 si
1357 2102 1411 2153 dno

265 2191 309 2241 vel
328 2191 377 2240 tria
395 2191 476 2240 verba
495 2191 547 2240 ista
565 2188 646 2252 ,Quid
663 2189 694 2237 si‘
709 2194 735 2237 et
749 2188 878 2247 ,fortasse‘
899 2203 982 2253 usqne
1002 2188 1069 2237 adeo
1089 2194 1150 2238 sunt
1173 2189 1364 2248 intolerabilia,
1383 2199 1413 2241 ut

263 2286 372 2345 propter
389 2278 438 2328 illa
457 2278 631 2327 excitarentur
650 2275 715 2326 olim
737 2276 897 2326 dormientes
908 2276 1071 2336 Academici,
1091 2284 1117 2326 et
1126 2276 1274 2327 Carneades
1294 2285 1321 2328 et
1333 2278 1410 2329 Pilus

265 2366 361 2416 Furius
390 2364 440 2432 [sic
462 2365 549 2415 scribo
572 2379 620 2431 pro
644 2363 718 2413 Pilus
746 2370 771 2412 et
793 2364 890 2414 Furius
913 2363 976 2416 colla
999 2365 1073 2415 Lact.
1092 2364 1119 2414 V
1132 2377 1163 2414 12
1183 2372 1209 2415 et
1227 2365 1280 2418 Cic.
1305 2367 1339 2417 de
1357 2383 1413 2434 rep.

264 2453 347 2520 1118]
367 2462 393 2504 et
410 2454 541 2516 Diagoras
561 2444 636 2511 etc.’;
663 2458 689 2502 et
708 2467 730 2501 c.
750 2453 818 2502 Acd.
838 2453 866 2501 H
888 2464 967 2516 5,12:
994 2451 1092 2502 “Vnde
1116 2453 1286 2506 dormientem
1311 2472 1414 2522 semper

266 2550 291 2592 et
310 2543 456 2593 officiorum
481 2543 596 2592 omniurn
616 2542 777 2591 desertorem
803 2540 949 2605 sapientem
978 2556 1054 2590 suum
1077 2542 1234 2592 Academici
1261 2543 1414 2594 describere

264 2631 428 2691 videbantur,
453 2647 532 2697 quem
550 2630 618 2680 nihil
636 2629 783 2696 approhare
803 2628 978 2687 censebant';
1006 2634 1032 2678 et
1051 2630 1193 2689 1111o,22
1216 2629 1286 2680 ‘Hic
1303 2631 1412 2694 evigila·

264 2721 301 2768 vit
320 2719 481 2770 Carneades:
510 2734 570 2767 nam
588 2733 665 2767 nemo
687 2717 796 2768 istorum
818 2717 905 2766 minus
930 2716 983 2766 alte
1001 2732 1078 2782 quam
1097 2716 1144 2766 ille
1166 2718 1294 2777 dormivit,
1322 2727 1347 2768 et
1366 2720 1413 2768 cir·

264 2808 409 2872 cumspexit
427 2823 512 2856 rerum
531 2806 741 2858 evidentiam...
763 2804 833 2871 [ipse
847 2821 935 2855 secum
948 2803 1075 2870 loquitur]
1095 2812 1139 2855 ant
1158 2806 1191 2855 de
1211 2815 1236 2856 te
1251 2806 1414 2874 Chrysippus

263 2892 468 2960 triumphavit?²
494 2895 540 2944 Ad
563 2911 618 2945 rem
644 2894 761 2960 pertinet
782 2893 852 2943 illud
875 2893 938 2943 ‘vel
967 2907 1063 2956 genere
1091 2894 1204 2944 humano
1233 2895 1371 2945 stertente’
1390 2910 1413 2947 c.

262 2983 331 3032 Acd.
351 2984 392 3032 111
414 2996 453 3043 11,
464 2993 496 3048 25
518 2990 544 3032 et
562 2984 596 3034 ci.
618 2995 658 3043 12,
670 2982 703 3032 28
722 2989 770 3034 etc.

362 3072 442 3122 Vnde
466 3073 578 3137 sumpsit
597 3072 766 3134 Augustinus
790 3070 949 3121 dormientes
972 3071 1021 3120 hos
1039 3069 1238 3122 Academicos?
1265 3071 1361 3125 Illisne
1380 3088 1411 3122 ex

263 3159 398 3210 Ciceronis
425 3160 606 3221 Academicis,
634 3175 702 3226 quae
729 3157 883 3226 perierunt?
909 3187 941 3196 -
971 3158 1099 3208 Similiter
1123 3159 1196 3210 Lact.
1225 3161 1267 3208 III
1287 3171 1335 3221 30:
1366 3159 1413 3208 ‘an

264 3248 471 3314 exspectabimus
501 3250 586 3300 donec
601 3289 607 3301 .
622 3287 648 3300 ..
668 3248 805 3299 Arcesilas
836 3254 863 3298 et
882 3247 1032 3298 Carneades
1050 3247 1167 3314 videant,
1192 3247 1313 3308 sentiant,
1333 3247 1413 3313 perci-

261 3330 356 3402 piant’.
392 3337 591 3387 Acerbissimus
615 3343 702 3386 autem
728 3344 768 3386 est
791 3336 867 3386 locus
894 3336 1008 3401 Epictet.
1032 3335 1191 3400 Diatr.15:
1217 3342 1326 3386 vexatur
1343 3335 1413 3386 Aca·

261 3425 380 3475 demicus
398 3424 455 3490 §or
477 3423 716 3490 ‘Knrnlnpssdvett
734 3424 778 3477 ὅτι
798 3421 965 3490 ἑγρὴγορας;
986 3421 1035 3489 Οὔ,
1056 3421 1155 3489 φησίν.
1176 3423 1242 3476 οὐδὲ
1260 3423 1322 3490 γὰρ,
1342 3425 1412 3477 ὅταν

262 3513 293 3564 ἐν
310 3516 369 3574 τοῖς
398 3512 496 3576 ὕπνοις
518 3512 704 3579 φαντάζωμαι
726 3513 770 3564 ὅτι
799 3511 957 3578 ἑγρήγορα.
977 3510 1062 3564 οὐδὲν
1085 3510 1137 3564 οὖν
1156 3511 1281 3578 διαφέρει
1303 3512 1374 3579 αὕτη
1395 3514 1413 3579 ἡ

261 3599 403 3667 φαντασία
426 3600 550 3668 ἑκείνης;
576 3600 678 3654 οὐδέν.
698 3601 739 3654 ἔτι
758 3601 853 3669 τούτῳ
872 3600 1054 3664 διαλέγωμαι;
1078 3600 1124 3652 καί
1144 3604 1225 3652 ποῖον
1246 3600 1324 3668 αὐτῷ
1346 3605 1411 3668 πῦρ,

261 3689 278 3754 ἢ
299 3696 382 3743 ποῖον
400 3690 478 3758 αὐτῷ
498 3689 614 3757 σίδηρον
632 3689 777 3756 προσάγω,
802 3688 838 3741 ἵν’
858 3689 989 3755 αἴσθηται
1007 3689 1050 3742 ὅτι
1069 3689 1250 3756 νενέκρωται;
1281 3689 1411 3744 αἰσθανό-

262 3793 344 3843 μενος
363 3778 396 3830 οὺ
417 3783 628 3845 προσποιεῖται·
649 3777 691 3830 ἔτι
710 3775 812 3843 χείρων
831 3776 890 3830 ἐστὶ
909 3781 960 3830 τοῦ
979 3781 1088 3843 νεκροῦ.
1109 3793 1132 3829 κ.
1143 3793 1167 3829 τ.
1177 3776 1220 3830 l.‘.
1256 3780 1313 3828 Has
1333 3779 1412 3829 cavil-

260 3865 374 3915 lationes
393 3881 424 3916 ex
443 3867 559 3932 ipsorum
578 3866 757 3931 Scepticornm
778 3865 920 3931 disciplina
933 3873 1003 3915 ortas
1024 3853 1092 3924 esse,
1112 3865 1275 3929 intellegitur
1294 3883 1325 3916 ex
1338 3869 1411 3920 Lact.

260 3955 301 4003 III
320 3954 345 4014 6,
359 3965 391 4002 ιο
413 3952 588 4020 ‘[Arcesilas]
608 3954 754 4004 introduxit
773 3969 855 4017 genus
876 3954 1064 4020 philosophiae
1086 3953 1254 4014 ἀσύστατον,
1273 3956 1346 4020 quod
1364 3956 1414 4006 La·

260 4044 313 4093 tine
331 4042 464 4101 instabile,
489 4043 544 4091 sive
562 4043 713 4093 inconstans
734 4058 877 4108 possumus
896 4043 999 4093 dicere.
1021 4079 1070 4094 ...
1091 4042 1152 4092 hnic
1172 4043 1258 4093 simile
1278 4052 1319 4094 est
1335 4043 1413 4103 illud,

259 4131 333 4197 quod
352 4131 380 4180 in
409 4130 510 4180 scholis
529 4131 642 4197 proponi
663 4131 733 4181 solet
757 4131 785 4181 in
810 4131 919 4196 asystati
942 4131 1046 4194 generis
1076 4130 1238 4199 exemplum3
1266 4132 1412 4183 somniasse

259 4219 399 4285 quendam,
427 4234 460 4268 ne
479 4219 586 4268 sommis
611 4221 749 4270 crederet.
770 4221 793 4269 si
814 4221 883 4269 enim
903 4219 1054 4282 crediderit,
1083 4229 1136 4269 tum
1156 4221 1282 4287 sequitur,
1311 4228 1339 4271 ut
1358 4238 1412 4272 cre·

260 4307 376 4357 dendnm
399 4323 453 4356 non
473 4307 519 4357 sit:
548 4305 572 4358 si
595 4314 681 4356 autem
703 4324 756 4358 non
782 4308 927 4371 crediderit,
957 4315 1019 4357 tunc
1045 4308 1172 4374 sequitur,
1199 4317 1228 4358 ut
1251 4310 1412 4361 credendum

260 4389 316 4448 sit’.
353 4395 432 4445 Vnde
456 4394 499 4445 hic
522 4396 598 4446 locus
618 4397 754 4456 Lactantii‚
778 4413 892 4462 quocum
917 4397 950 4446 ci.
974 4397 1029 4448 Cic.
1053 4398 1139 4448 Acad.
1159 4399 1188 4446 H
1211 4397 1287 4462 §qn
1308 4410 1348 4462 51.
1369 4399 1412 4458 88,

260 4484 358 4549 petitus
378 4483 421 4543 sit,
449 4483 528 4533 tacite
548 4483 674 4537 concludi
698 4493 794 4552 potest.
833 4487 902 4536 Nam
928 4493 1031 4536 constat
1049 4486 1076 4536 in
1102 4487 1193 4553 primis
1213 4487 1368 4538 Ciceronem
1387 4496 1413 4537 et

259 4573 387 4624 Senecam
406 4587 422 4624 a
439 4573 576 4626 Lactantio
595 4573 728 4626 adhibitos
748 4589 816 4628 esse.
852 4575 943 4645 Atque
962 4575 989 4628 in
1006 4581 1062 4629 toto
1082 4575 1133 4631 hoc
1152 4576 1230 4631 tertio
1256 4574 1325 4632 libro
1343 4577 1413 4630 inest
