3566 5406
449 793 528 850 quae
556 792 626 832 cum
655 773 756 849 aliquo
790 789 852 829 uno
879 790 917 828 ex
945 771 1041 829 tribus
1071 770 1127 828 illis
1154 787 1321 844 congruere
1346 769 1454 845 possit,
1485 762 1541 826 utl
1560 766 1592 825 id

449 876 613 932 honestum
635 874 682 951 sit,
716 873 817 930 facere
845 873 947 930 omnia
969 880 1020 931 aut
1046 871 1210 947 voluptatis
1238 887 1343 939 causa,
1375 869 1495 926 etiamsi
1524 885 1592 924 eam

451 993 515 1032 non
537 991 735 1048 consequare,
769 981 823 1030 aut
847 990 909 1030 non
932 972 1069 1047 dolendi,
1102 973 1222 1031 etiamsi
1242 972 1276 1029 id
1302 968 1424 1044 assequi
1444 984 1592 1044 nequeas,

451 1083 642 1144 autentum,
674 1091 753 1150 quae
776 1075 946 1132 secundum
968 1081 1107 1130 naturam
1129 1080 1208 1151 sunt,
1243 1069 1443 1147 adipiscendi,
1475 1068 1593 1127 etiamsi

451 1176 524 1234 nihil
547 1193 747 1250 consequare.
790 1173 838 1233 Ita
854 1174 896 1240 fit,
919 1183 961 1243 ut,
985 1182 1101 1249 quanta
1123 1173 1295 1231 differentia
1317 1179 1365 1229 est
1386 1171 1418 1228 in
1439 1170 1592 1246 principiis

450 1277 648 1346 naturalibus,
681 1284 766 1333 tanta
787 1277 827 1333 sit
853 1275 1014 1334 infinibus
1043 1276 1192 1334 bonorum
1214 1275 1421 1348 malorumque
1443 1271 1593 1330 dissimili·

451 1379 534 1437 tud0.
584 1378 643 1436 Alii
669 1395 786 1435 rursum
812 1377 921 1434 iisdem
947 1395 966 1436 a
991 1376 1145 1453 principiis
1179 1393 1270 1433 omne
1298 1374 1432 1433 officium
1461 1373 1594 1431 referent

449 1487 501 1536 aut
525 1479 566 1536 ad
588 1478 775 1555 voluptatem
798 1487 851 1537 aut
872 1480 914 1538 ad
943 1495 1007 1536 non
1028 1479 1198 1536 dolendum
1219 1485 1272 1536 aut
1293 1478 1334 1536 ad
1354 1477 1452 1554 prima
1473 1477 1522 1534 illa
1544 1493 1592 1535 se·

446 1581 581 1640 cundum
610 1589 751 1639 naturam
779 1581 956 1642 obtinenda.
1003 1596 1050 1640 20.
1079 1579 1234 1656 Expositis
1266 1579 1328 1636 iam
1355 1578 1446 1654 igitur
1471 1596 1524 1637 sex
1552 1580 1592 1636 de

447 1699 563 1739 summo
586 1682 668 1739 bono
691 1681 860 1757 sententiis,
893 1681 982 1739 trium
1004 1681 1209 1758 proximarum
1230 1680 1261 1738 hi
1282 1680 1452 1756 principes:
1486 1679 1592 1755 volup·

446 1782 518 1839 tatis
538 1780 710 1856 Aristippus,
733 1799 796 1838 non
818 1782 945 1839 dolendi
965 1781 1170 1856 Hieronymus,
1193 1781 1315 1839 fruendi
1337 1781 1427 1838 rebus
1447 1780 1493 1855 iis,
1516 1798 1592 1856 quas

445 1883 557 1956 primas
588 1884 756 1940 secundum
788 1891 928 1940 naturam
959 1900 1030 1941 esse
1063 1882 1212 1954 diximus,
1251 1880 1416 1940 Carneades
1443 1897 1507 1938 non
1539 1881 1589 1938 ille

445 1983 569 2058 quidem
596 1991 703 2041 auctor
730 1984 787 2040 sed
810 1984 956 2041 defensor
982 1983 1154 2042 disserendi
1176 2001 1271 2042 causa
1303 1982 1367 2044 fuit.
1413 1981 1591 2057 Superiores

446 2091 506 2140 tres
534 2092 631 2152 erant,
664 2101 743 2160 quae
770 2101 839 2142 esse
868 2093 1010 2160 possent;
1044 2101 1172 2160 quarum
1201 2092 1249 2142 est
1275 2100 1336 2142 una
1368 2081 1435 2140 sola
1463 2081 1592 2140 defensa

447 2200 545 2258 eaque
572 2183 778 2244 vehementer.
822 2183 902 2242 Nam
930 2184 1094 2261 voluptatis
1118 2202 1214 2244 causa
1242 2185 1344 2243 facere
1372 2184 1486 2251 omnia,
1513 2200 1591 2252 cum,

445 2283 565 2341 etiamsi
589 2283 661 2340 nihil
690 2301 922 2359 consequamur,
955 2292 1058 2343 tamen
1079 2284 1177 2360 ipsum
1199 2284 1273 2342 illud
1301 2283 1458 2342 consilium
1484 2284 1526 2341 ita
1548 2283 1593 2342 fa·

445 2384 547 2442 ciendi
576 2402 631 2460 per
660 2402 692 2443 se
719 2386 929 2462 expetendum
962 2393 994 2443 et
1020 2385 1184 2444 honestum
1210 2394 1243 2444 et
1272 2386 1374 2443 solum
1403 2385 1517 2442 bonum
1546 2385 1592 2453 sit,

444 2503 536 2543 nemo
559 2486 642 2545 dixit.
686 2485 733 2544 Ne
760 2487 938 2546 vitationem
964 2487 1089 2562 quidem
1112 2487 1226 2546 doloris
1252 2488 1352 2563 ipsam
1378 2505 1433 2564 per
1454 2503 1488 2544 se
1509 2485 1593 2564 quis·

446 2604 538 2663 quarn
566 2588 597 2644 in
631 2589 723 2647 rebus
750 2590 932 2664 expetendis
958 2589 1091 2665 putavit,
1123 2589 1181 2647 nisi
1211 2588 1304 2646 etiam
1332 2588 1447 2646 evitare
1475 2595 1591 2663 posset.

446 2689 489 2745 At
510 2707 582 2746 vero
605 2688 706 2746 facere
727 2691 839 2768 omnia,
861 2698 895 2748 ut
917 2690 1130 2766 adipiscamur,
1154 2707 1234 2768 quae
1257 2690 1427 2749 secundum
1449 2696 1591 2747 naturam

446 2797 525 2859 sunt,
547 2789 668 2848 etiamsi
688 2808 726 2847 ea
740 2809 804 2848 non
826 2808 1034 2867 assequamur,
1057 2791 1090 2848 id
1111 2808 1180 2849 esse
1202 2798 1235 2849 et
1255 2789 1420 2848 honestum
1442 2798 1473 2847 et
1494 2789 1590 2846 solum

405 2963 408 2970 ι
445 2907 500 2966 per
520 2907 553 2948 se
576 2893 782 2967 expetendum
804 2901 837 2950 et
859 2893 956 2951 solum
978 2893 1093 2951 bonurn
1115 2888 1207 2950 Stoici
1225 2892 1340 2954 dicunt.

547 3007 595 3052 21.
619 2991 680 3050 Sex
701 2993 792 3067 igitur
813 2993 871 3052 hae
894 3003 966 3052 sunt
983 2993 1136 3068 simplices
1158 2995 1198 3051 de
1221 3010 1339 3051 summa
1361 2993 1513 3050 bonorum
1527 3007 1590 3048 ma·

446 3094 606 3168 lorumque
639 3094 826 3163 sententiae,
863 3095 944 3152 duae
978 3094 1044 3152 sine
1075 3102 1222 3170 patrono,
1255 3101 1402 3170 quattuor
1433 3091 1592 3151 defensae.

445 3194 573 3252 Iunctae
600 3201 701 3252 autem
732 3203 765 3252 et
787 3196 925 3271 duplices
955 3196 1162 3272 expositiones
1189 3195 1296 3253 summi
1327 3195 1401 3252 boni
1432 3203 1493 3252 tres
1527 3211 1592 3250 om·

444 3295 517 3352 nino
542 3294 674 3364 fuerunt,
697 3313 757 3354 nec
778 3314 850 3353 vero
870 3298 983 3373 plures,
1007 3297 1032 3354 si
1053 3296 1174 3372 penitus
1197 3315 1297 3354 rerum
1313 3305 1454 3354 naturam
1475 3295 1592 3361 videas,

443 3413 512 3452 esse
533 3404 709 3470 potuerunt.
752 3395 832 3455 Nam
858 3405 911 3456 aut
937 3399 1075 3474 voluptas
1097 3398 1223 3472 adiungi
1247 3404 1353 3472 potest
1384 3398 1426 3454 ad
1446 3395 1591 3452 honesta·

446 3502 518 3564 tem,
552 3505 585 3553 ut
612 3494 797 3572 Colliohonti
812 3497 1055 3575 Dinomachoque
1076 3498 1201 3574 placuit,
1231 3507 1285 3554 aut
1308 3497 1423 3556 doloris
1445 3496 1590 3564 vacuitas,

443 3589 479 3654 'ut
501 3596 646 3667 Diodoro,
668 3605 722 3656 aut
742 3599 839 3674 prima
858 3607 998 3670 naturae,
1019 3607 1053 3658 ut
1075 3593 1234 3674 antiqui&
1263 3615 1341 3674 quos
1363 3597 1491 3656 eosdem
1514 3596 1592 3654 Aca·

546 3824 659 3882 ¹Codd.
678 3828 720 3880 ‘ut
737 3835 780 3880 aut
799 3829 853 3881 id.’
872 3857 905 3866 -
926 3832 987 3880 Hoc
1004 3829 1064 3879 loco
1082 3827 1152 3880 ‘aut'
1171 3829 1342 3879 omittendum
1364 3845 1420 3880 esse
1443 3835 1515 3895 puto,
1534 3845 1592 3880 cunr

443 3921 504 3981 post
525 3915 581 3967 ‘ut’
603 3917 678 3968 facile
707 3917 815 3985 irrepere
842 3919 959 3984 potuerit.
1010 3918 1120 3981 Madvig
1148 3924 1175 3968 et
1198 3913 1320 3967 Baiterus
1348 3917 1499 3968 deleverunt
1526 3916 1592 3968 ‘aut’

445 4010 504 4055 ante
523 4003 680 4072 ‘voluptatis
699 4005 798 4058 causa'.

542 4088 636 4144 ²Non
659 4095 837 4158 neglegendus
857 4103 895 4146 est
918 4094 996 4146 huius
1022 4095 1095 4144 verbi
1116 4109 1187 4154 usus,
1216 4094 1317 4144 utiam
1335 4095 1437 4162 Hirzel,
1466 4097 1592 4146 Untersu·

444 4180 563 4245 chungen
582 4183 610 4232 11
627 4199 653 4249 p.
673 4195 722 4245 421
742 4199 767 4234 n.
788 4190 814 4234 et
834 4185 919 4246 834,1
941 4183 1083 4236 adnotavit.
1122 4183 1192 4233 Nam
1218 4189 1247 4233 ut
1269 4198 1347 4249 saepe
1364 4184 1515 4234 Antiochus
1534 4183 1590 4234 Pla·

444 4277 541 4332 tonem,
568 4271 763 4331 Aristotelem·
778 4288 868 4322 eorum
889 4271 1036 4338 discipulos
1059 4285 1112 4321 uno
1131 4272 1212 4322 verbo
1232 4273 1353 4338 antiquos
1372 4270 1529 4339 (ἀρχαίους)
1548 4287 1591 4337 ap·

443 4357 554 4424 pellasse
572 4359 681 4419 videtur,
709 4361 746 4411 ita
768 4376 821 4411 non
839 4361 924 4410 mirari
941 4376 989 4411 nos
1009 4366 1121 4426 oportet,
1151 4361 1172 4410 si
1190 4361 1218 4410 in
1236 4377 1334 4421 eorum,
1363 4362 1408 4427 qui
1428 4360 1590 4410 Antiochum

445 4447 528 4496 secuti
552 4456 619 4514 sunt,
650 4449 752 4514 scriptis
776 4450 889 4499 eundem
907 4449 980 4499 vocis
1004 4463 1081 4498 usum
1107 4449 1265 4500 invenimus,
1295 4449 1327 4499 cf.
1348 4449 1403 4499 Cic.
1423 4449 1456 4499 de
1474 4449 1517 4500 fin.
1537 4449 1590 4499 16.

444 4535 486 4585 IV
506 4535 575 4596 8.9.
597 4547 637 4597 19.
657 4547 700 4586 20.
721 4547 763 4588 21.
785 4548 827 4599 24.
850 4537 892 4589 62.
912 4536 954 4599 63.
979 4537 1005 4586 V
1027 4548 1066 4598 14.
1086 4549 1129 4586 21.
1149 4548 1192 4599 23.
1212 4548 1255 4602 73.
1286 4537 1373 4588 Acad.
1391 4537 1466 4588 122.
1485 4547 1527 4600 39.
1546 4548 1589 4600 43.

445 4622 523 4676 Tusc.
543 4623 557 4673 1
577 4623 618 4688 38.
640 4623 682 4674 ΙΙΙ
700 4634 744 4688 40.
762 4623 789 4674 V
807 4636 850 4688 30.
869 4636 912 4690 34.
931 4624 964 4676 de
982 4624 1054 4677 deor.
1075 4629 1129 4678 nat.
1146 4625 1160 4675 1
1180 4636 1221 4689 79.
1239 4624 1272 4676 de
1290 4623 1335 4676 off.
1353 4625 1382 4675 11
1401 4637 1425 4692 5.
1444 4625 1468 4677 8.
1488 4624 1521 4676 de
1538 4623 1591 4688 leg.
