3566 5406
736 518 942 577 ,ψ

370 685 512 760 Sequitur
531 691 565 742 ut
580 682 761 743 Ciceronem
783 683 815 742 in
836 685 917 743 libris
933 688 974 745 de
996 685 1103 744 officiis
1126 687 1169 745 ad
1183 687 1320 746 tabulam
1339 688 1421 746 illam

274 786 425 861 respicere
455 786 591 863 probem.
635 785 726 842 Primi
754 786 879 862 quidem
907 787 972 844 libri
994 783 1043 862 §5
1068 795 1100 846 et
1121 787 1140 844 6
1164 789 1205 846 ad
1232 788 1419 847 Antiochum

273 895 411 963 spectare
444 905 535 945 nemo
558 887 692 962 negabit,
725 905 794 945 cum
821 887 886 945 aliis
913 887 1032 946 omissis
1056 895 1174 945 tantum
1198 889 1321 965 legerit:
1356 879 1422 948 ‘Ita

272 989 395 1066 propria
416 996 465 1046 est
488 1006 526 1045 ea
554 989 731 1065 praeceptio
752 988 931 1059 Stoicorum,
968 989 1227 1064 Academicorum,
1262 988 1418 1064 Peripate-

272 1090 411 1161 ticorum,
445 1088 590 1165 quoniam
620 1089 779 1158 Aristonis,
814 1088 986 1166 Pyrrhonis
1018 1090 1102 1147 Erilli
1133 1091 1194 1147 iarn
1220 1090 1338 1166 pridem
1366 1107 1418 1146 ex-

271 1191 360 1266 plosa
382 1191 536 1248 sententia
558 1185 629 1250 est'.
673 1190 736 1248 Sed
758 1209 827 1248 cum
848 1191 915 1268 ipse
930 1190 1038 1250 Cicero
1059 1192 1143 1248 dicat
1174 1209 1208 1249 se
1230 1193 1422 1268 potissimum

274 1290 394 1350 Stoicos
423 1291 517 1368 sequi,
552 1291 634 1350 hunc
656 1292 764 1350 librum
797 1293 899 1352 valere
929 1293 1021 1350 iubeo
1029 1287 1050 1361 ¹,
1085 1302 1118 1351 ut
1141 1293 1183 1350 ad
1215 1293 1336 1351 tertium
1370 1311 1420 1351 me

275 1400 460 1466 convertam,
494 1393 579 1451 cuius
607 1393 648 1450 de
670 1393 804 1451 fontibus
833 1394 972 1451 nondum
994 1393 1067 1450 satis
1092 1393 1265 1469 quaesitum
1288 1410 1357 1451 esse
1380 1394 1422 1451 ab

273 1492 406 1552 Hirzelio
436 1501 522 1570 puto.
546 1525 583 1534 -
609 1494 752 1570 Legimus
774 1489 887 1570 ξμς.
917 1511 988 1552 eum
1016 1494 1127 1563 locum,
1160 1511 1253 1570 quem
1287 1503 1423 1569 praeter·

273 1595 389 1653 miserit
416 1594 593 1669 PanaetiuS,
626 1598 667 1654 de
693 1595 857 1654 honestate
889 1603 996 1653 contra
1029 1595 1190 1653 utilitatem
1226 1605 1425 1671 pugnantea

275 1696 445 1755 Posidonio
459 1697 591 1755 breviter
612 1698 643 1755 in
657 1696 882 1756 commentariis
905 1695 1087 1772 quibusdam
1108 1704 1225 1753 tactum
1241 1714 1321 1768 esse,
1346 1697 1423 1755 alios

274 1807 378 1858 autem
400 1797 503 1856 dicere
526 1798 666 1857 consulto
689 1816 760 1856 eum
787 1816 806 1855 a
831 1796 979 1856 Panaetio
1007 1813 1077 1855 esse
1098 1796 1245 1867 relictum,
1277 1814 1336 1854 nec
1357 1815 1423 1855 om·
1493 1857 1498 1868 ,
1574 1849 1577 1856 .

273 1900 350 1957 nino
374 1897 568 1957 scribendum
590 1898 692 1968 fuisse,
721 1898 793 1974 quia
813 1913 980 1973 numquam
1001 1906 1108 1972 posset
1136 1897 1249 1955 utilitas
1277 1915 1346 1956 cum
1367 1897 1422 1956 ho·

276 2008 397 2058 nestate
420 2017 566 2077 pugnare.
590 1999 660 2059 Hac
682 1999 713 2057 in
733 2000 933 2058 contentione
948 1998 1055 2057 Cicero
1078 1999 1113 2056 iis
1137 1999 1318 2068 adsentitur,
1341 2017 1421 2076 quae

278 2121 296 2159 a
320 2101 487 2159 Posidonio
520 2100 632 2159 tradita
662 2118 731 2159 esse
763 2100 909 2170 videntur,
942 2100 1072 2158 voluisse
1098 2098 1280 2156 Panaetium
1309 2100 1350 2156 de
1385 2118 1423 2158 ea

275 2221 307 2260 re
334 2202 483 2260 disserere
516 2202 658 2259 sednon
689 2201 864 2276 perfecisse.
910 2200 1007 2258 Addit
1036 2201 1242 2258 dubitandum
1268 2218 1331 2258 non
1352 2217 1424 2258 esse

277 2304 350 2378 quin
375 2320 542 2379 numquam
562 2305 660 2380 possit
686 2303 800 2361 utilitas
834 2321 901 2360 cum
932 2303 1096 2360 honestate
1128 2302 1327 2370 contendere,
1360 2303 1424 2360 sive

279 2405 312 2462 id
334 2423 484 2463 summum
505 2405 620 2463 bonum
643 2405 692 2475 sit,
715 2405 800 2480 quod
816 2404 925 2462 Stoicis
945 2404 1009 2461 sive
1032 2405 1115 2479 quod
1129 2402 1340 2479 Peripateticis
1362 2402 1425 2479 pla·

279 2512 358 2565 ceat.
401 2504 519 2563 Socrati
547 2515 651 2564 autem
678 2504 799 2563 Stoicos
826 2522 971 2563 assensus
1000 2520 1085 2574 esse,
1119 2499 1168 2562 ‘ut
1198 2503 1342 2580 quicquid
1369 2504 1424 2562 ho·

276 2613 397 2664 nestum
419 2614 511 2677 esset,
532 2606 565 2665 id
586 2607 661 2664 utile
681 2623 751 2664 esse
773 2613 945 2672 censerent,
967 2623 1027 2662 nec
1048 2605 1122 2663 utile
1144 2605 1315 2682 quicquam,
1339 2606 1424 2681 quod

276 2725 340 2764 non
360 2706 533 2766 honestum.
582 2722 627 2766 12.
653 2706 749 2779 Quod
779 2707 804 2765 si
830 2707 855 2766 is
883 2716 966 2765 esset
994 2706 1169 2774 Panaetius,
1204 2706 1255 2781 qui
1286 2706 1424 2763 virtutem

278 2815 442 2883 propterea
464 2809 624 2866 colendam
646 2809 771 2877 diceret,
794 2809 879 2885 quod
902 2826 940 2867 ea
962 2807 1097 2865 efficiens
1118 2805 1253 2864 utilitatis
1278 2813 1371 2874 esset,
1391 2814 1425 2865 ut

280 2908 310 2976 ii,
343 2908 396 2984 qui
420 2926 467 2967 res
501 2910 692 2985 expetendas
718 2909 765 2965 vel
799 2909 957 2985 voluptate
989 2904 1162 2984 (Epicurus
1196 2903 1348 2984 Callipho)
1375 2908 1425 2965 vel

278 3007 448 3068 indolentia
476 3005 703 3085 (Hieronymus,
737 3007 909 3086 Diodorus)
930 3009 1106 3084 metiuntur,
1140 3009 1245 3066 liceret
1267 3008 1295 3064 ei
1321 3009 1426 3066 dicere

278 3109 440 3168 utilitatem
472 3111 638 3187 aliquando
658 3129 727 3168 cum
758 3110 923 3169 honestate
945 3128 1093 3186 pugnare.
1144 3109 1206 3168 Sed
1238 3127 1308 3168 cum
1331 3110 1370 3168 sit
1389 3110 1424 3182 is,

280 3209 384 3286 quiid
411 3211 508 3268 solum
537 3211 651 3269 bonum
672 3211 797 3282 iudicet,
831 3213 917 3286 quod
937 3209 1100 3268 honestum
1130 3211 1178 3283 sit,
1212 3227 1292 3286 quae
1320 3218 1424 3269 autem

280 3311 350 3370 huic
364 3319 536 3389 repugnent
551 3314 655 3388 specie
675 3313 811 3387 quadam
831 3312 979 3382 utilitatis,
1002 3329 1106 3370 eorum
1121 3327 1223 3387 neque
1245 3311 1424 3370 accessione

279 3413 434 3471 meliorem
460 3413 553 3471 vitam
579 3412 642 3471 fieri
670 3431 729 3472 nec
759 3414 939 3473 decessione
966 3413 1112 3489 peiorem,
1144 3429 1208 3470 non
1238 3411 1358 3469 videtur
1380 3413 1426 3470 de·

280 3513 373 3570 butise
395 3515 460 3572 eius
483 3515 568 3572 modi
595 3515 847 3573 deliberationem
868 3515 1071 3588 introducere,
1105 3514 1136 3570 in
1164 3531 1223 3588 qua
1246 3515 1330 3587 quod
1353 3514 1426 3572 utile

280 3614 434 3672 videretur
456 3633 524 3674 cum
546 3632 594 3694 eo,
624 3617 709 3691 quod
731 3614 894 3674 honestum
917 3623 1010 3689 esset,
1035 3606 1250 3690 comparetur‘.
1285 3613 1428 3689 Sequitur

280 3715 389 3772 summi
411 3717 485 3774 boni
507 3716 646 3775 definitio
668 3715 840 3774 Stoicorum
872 3734 958 3774 more
982 3715 1143 3773 Antiochio
1166 3714 1328 3790 explicata.
1372 3715 1427 3773 Vi·

281 3817 352 3886 des,
389 3819 546 3892 quomodo
582 3818 689 3878 Cicero
719 3818 876 3877 Posidonii
909 3817 1023 3876 iudicio
1056 3818 1242 3875 sententiam
1272 3815 1426 3884 Antiochi,

281 3917 321 3974 illi
341 3919 548 3994 repugnantis
583 3920 764 3988 adiunxerit,
798 3919 849 3995 qui
877 3917 1056 3976 Panaetium
1089 3918 1194 3976 tabula
1222 3915 1361 3975 adhibita
1389 3933 1426 3973 ex

283 4017 429 4077 illecebris
452 4020 691 4096 voluptariorum
713 4021 754 4078 ad
776 4019 976 4078 Academiam
999 4020 1161 4076 traducere
1184 4020 1295 4076 studet.

381 4179 392 4218 ¹
413 4182 534 4233 Hirzclio
554 4185 581 4232 H
600 4200 626 4250 p.
643 4195 692 4248 721
708 4200 746 4250 sq.
770 4199 823 4232 non
847 4184 935 4233 omnia
954 4182 1077 4234 concedo.
1114 4184 1156 4232 Ita
1178 4181 1241 4232 mihi
1265 4182 1370 4248 quidem
1396 4198 1427 4232 ex

283 4287 314 4321 eo
331 4272 419 4331 modo,
438 4287 490 4337 quo
508 4272 666 4322 Posidonius
681 4274 759 4337 1159
779 4271 883 4339 [Hirzel
896 4288 921 4337 p.
936 4270 1000 4337 723]
1018 4277 1241 4331 commemoratur,
1261 4270 1349 4335 potius
1367 4285 1427 4319 con·

282 4359 439 4434 cludendum
459 4374 517 4409 esse
536 4359 645 4420 videtur,
671 4359 827 4410 Ciceronem
844 4375 899 4408 non
919 4359 1030 4410 multum
1049 4373 1081 4408 ex
1107 4358 1176 4408 illins
1200 4357 1302 4423 scriptis
1321 4357 1428 4422 petisse.

282 4448 330 4496 Ad
357 4447 539 4513 complendam
556 4449 677 4499 Panaetii
705 4449 896 4515 expositionem
920 4463 981 4498 meo
1007 4447 1112 4517 quidem
1139 4446 1237 4500 iudicio
1265 4461 1280 4499 a
1303 4445 1427 4500 Cicerone

284 4536 326 4586 vix
347 4535 478 4587 adhibitus
498 4543 544 4588 est.
