3566 5406
733 511 938 580 -37'-

266 689 334 765 pius
353 689 513 756 accedant,
544 706 636 765 quam
652 706 732 764 quae
749 688 892 747 Clemens
917 689 957 745 de
974 689 1193 764 epigrammate
1208 688 1257 746 illo
1274 704 1407 745 comme·

266 789 435 848 moraverit.
480 787 576 864 Claris
608 798 638 846 et
662 789 847 864 simplicibus
875 789 973 846 verbis
1008 788 1149 865 Cyrensis
1183 791 1292 847 eadem
1322 789 1408 845 affert

266 899 358 966 atque
381 890 523 949 Clemens
547 899 611 948 arte
630 891 765 964 quadam
787 907 860 947 usus
884 899 914 947 et
938 890 1142 949 similitudine.
1178 889 1257 947 Tum
1274 889 1407 965 pluribus

265 1001 296 1049 et
322 991 493 1050 accuratius
526 991 566 1049 de
598 992 626 1048 vi
648 991 856 1050 conscientiae
889 992 1034 1048 disseruit
1055 990 1283 1056 Theodoretus,
1316 1007 1408 1066 quam

266 1091 419 1162 Clemens
442 1100 475 1150 ut
489 1093 565 1150 mira
580 1110 627 1150 res
644 1099 737 1162 esset,
759 1093 784 1149 si
798 1092 848 1149 ille
864 1100 989 1150 secutus
1006 1091 1195 1150 Clementem
1214 1092 1326 1149 rectius
1344 1108 1407 1148 ser-

265 1201 368 1250 vasset
390 1195 481 1250 verba
495 1193 560 1251 eius
575 1193 719 1261 auctoriS,
743 1210 834 1269 quem
854 1193 916 1250 iam
933 1192 1050 1250 Tullius
1065 1193 1277 1266 exscripserat.
1298 1191 1407 1265 Itaque

266 1294 510 1351 concludendum
521 1303 568 1351 est
580 1294 638 1351 nisi
649 1293 733 1369 ipsos
758 1325 792 1334 -
816 1294 900 1368 quod
915 1295 963 1351 vix
988 1293 1131 1352 credibile
1153 1311 1222 1351 esse
1237 1293 1404 1350 videtur-

247 1405 330 1466 ¹tum
351 1403 435 1454 certe
457 1405 598 1454 auctores
620 1397 667 1453 vel
689 1404 856 1465 auctorem,
880 1413 972 1472 quem
995 1395 1093 1454 secuti
1115 1402 1186 1452 sunt
1213 1402 1243 1451 et
1265 1392 1406 1452 Clemens

265 1505 297 1555 et
317 1497 545 1563 Theodoretus,
568 1515 657 1554 usum
678 1515 748 1555 esse
771 1500 882 1555 eodem
905 1497 1001 1565 fonte,
1025 1514 1116 1573 quem
1132 1494 1271 1554 adhibuit
1287 1493 1405 1554 Cicer0.

265 1598 366 1657 Simile
382 1600 581 1658 statuendum
595 1616 665 1657 esse
685 1600 806 1656 videtur
828 1600 868 1657 de
889 1599 950 1657 hoc
975 1598 1053 1667 loco,
1076 1598 1128 1655 ubi
1149 1597 1281 1672 catalogi
1296 1597 1408 1654 rudera

263 1698 442 1760 invenimus.
474 1697 668 1777 Quamquam
690 1701 738 1757 vix
761 1700 925 1775 quicquam
948 1699 1039 1756 tribui
1062 1706 1167 1774 potest
1187 1697 1287 1756 ordini
1308 1715 1406 1756 rerum

264 1801 432 1885 allatarum,
455 1821 494 1859 ea
515 1786 634 1860 tantum
656 1802 896 1871 consideremus
921 1801 1028 1876 quibus
1053 1799 1272 1858 Theodoretus
1296 1817 1314 1856 a
1336 1796 1406 1856 Cle·

262 1904 366 1959 mente
391 1902 565 1977 discrepare
589 1903 635 1958 vel
659 1920 739 1977 quae
761 1903 848 1976 plura
870 1903 992 1960 tradere
1012 1883 1161 1961 videatur.
1194 1901 1242 1958 Ita
1265 1917 1302 1956 ea
1325 1917 1406 1974 quae

264 2001 405 2061 Clemens
431 2003 471 2060 de
494 2004 627 2061 externis
649 2003 738 2061 bonis
762 2003 1022 2062 Aristotelicorum
1044 2002 1117 2060 fecit
1132 2002 1225 2058 verba
1241 2017 1405 2076 numquam

263 2103 306 2161 ita
327 2112 445 2162 mutata
465 2121 533 2161 esse
555 2111 695 2179 possunt,
726 2112 760 2162 ut
783 2104 893 2163 eadem
916 2105 1023 2162 fierent
1057 2112 1149 2179 atque
1173 2119 1253 2179 quae
1280 2101 1406 2160 tradidit
1436 2139 1438 2144 -

264 2202 490 2264 Theodoretus,
526 2205 572 2262 Ea
593 2205 705 2281 potiuS,
738 2223 818 2282 quae
847 2206 922 2280 legit
942 2213 975 2263 et
996 2205 1115 2282 scripsit
1137 2204 1363 2277 Theodoretus,
1386 2221 1405 2260 a

264 2301 422 2361 Clemente
443 2313 561 2363 mutata
591 2313 622 2362 et
649 2306 780 2363 breviter
808 2325 955 2381 expressa
977 2315 1056 2384 sunt,
1089 2306 1141 2383 qui
1172 2323 1247 2376 rem,
1260 2303 1404 2378 exemplis

262 2405 410 2463 illustrare
430 2406 553 2465 studuit.
579 2438 614 2448 -
639 2406 718 2464 Tum
742 2409 782 2465 de
805 2407 915 2465 Stoicis
938 2407 1030 2483 longe
1053 2407 1112 2466 alia
1131 2407 1170 2464 ab
1192 2413 1322 2480 utroque
1345 2413 1405 2462 tra-

263 2507 384 2565 duntur.
419 2506 468 2564 De
490 2508 675 2582 Anaxagora
698 2515 729 2566 et
744 2507 903 2566 Heraclito
925 2508 1061 2584 pluribus
1084 2507 1206 2566 disserit
1226 2488 1406 2564 Theodore-

263 2615 311 2666 tus
335 2625 426 2683 quam
440 2606 596 2684 Clemens3
620 2617 651 2666 et
673 2627 754 2684 quae
775 2611 816 2667 de
834 2611 1020 2686 Anaxagora
1044 2609 1119 2666 dicit
1145 2625 1329 2683 quamquam
1343 2607 1406 2664 fieri

262 2708 363 2784 potuit
376 2718 410 2766 ut
422 2709 488 2783 ipse
501 2710 648 2777 adiceret,
663 2729 702 2766 ea
717 2718 830 2778 tamen,
847 2728 926 2786 quae
943 2713 983 2768 de
994 2709 1151 2768 Heraclito
1167 2709 1317 2784 exposuit,
1340 2709 1405 2766 sine

262 2810 357 2867 dubio
379 2829 419 2867 ex
440 2811 566 2868 aliorum
590 2812 707 2886 scriptis
731 2811 848 2886 petivit.
891 2809 1090 2886 Apertissima
1112 2817 1215 2868 autem
1246 2808 1278 2866 fit
1309 2825 1357 2866 res
1380 2808 1405 2866 si

263 2917 324 2981 tres
346 2909 412 2968 illos
435 2910 520 2969 locos
543 2913 583 2969 de
606 2911 743 2970 Platonis
775 2913 927 2970 sententia
951 2913 1137 2987 compositos
1164 2910 1404 2968 consideramus.

262 3008 342 3068 Nam
366 3011 643 3070 ecclesiasticorum
659 3013 878 3089 explicationes
900 3013 973 3070 uihil
994 3013 1076 3068 aliud
1095 3018 1165 3069 sunt
1186 3010 1244 3068 nisi
1262 3016 1404 3068 extentae

261 3113 444 3182 sententiae,
467 3130 594 3188 quarum
617 3115 704 3188 quasi
726 3114 843 3171 semina
872 3115 975 3170 insunt
1001 3113 1032 3170 in
1055 3113 1232 3170 brevissima
1258 3111 1320 3170 Arii
1342 3109 1405 3185 epi-

262 3220 356 3281 toma,
388 3224 422 3270 ut
451 3231 542 3272 nemo
567 3215 707 3273 dubitare
728 3214 836 3290 possit,
873 3215 945 3290 quin
975 3215 1114 3271 eiusdem
1136 3214 1279 3285 auctoris,
1313 3228 1405 3288 quem

263 3313 415 3390 excerpsit
430 3315 528 3383 Arius,
552 3317 664 3373 rudera
679 3317 871 3373 inveniantur
896 3325 927 3373 et
949 3317 1033 3391 apud
1056 3315 1247 3374 Clementem
1268 3322 1299 3370 et
1320 3313 1404 3388 apud

261 3413 503 3476 Theodoretum.
536 3415 644 3491 Neque
657 3417 707 3474 hic
728 3435 827 3492 aeque
851 3435 888 3475 ac
909 3418 1037 3475 vidimus
1058 3419 1088 3474 in
1111 3415 1331 3492 Sardanapallo
1350 3431 1404 3470 ne·

261 3514 327 3588 gari
341 3523 445 3591 potest
460 3516 584 3592 propius
600 3519 751 3575 accedere
766 3519 807 3574 ad
820 3519 925 3575 Arium
940 3536 1031 3594 quam
1046 3517 1199 3586 Clemens
1215 3517 1267 3592 qui
1282 3517 1404 3574 liberius

263 3613 398 3673 fontibus
421 3619 465 3674 uti
488 3618 618 3676 solebat.
663 3616 803 3694 Cyrensis
838 3620 918 3676 enim
950 3621 1056 3677 laudat
1089 3619 1257 3696 Platonem,
1289 3618 1341 3693 qui
1363 3618 1404 3674 ad

262 3716 474 3774 definitionem
497 3718 605 3776 summi
620 3719 693 3776 boni
722 3720 870 3777 adiecerit
885 3717 966 3780 κατὰ
988 3717 1026 3779 τὸ
1042 3716 1190 3792 δυνατὸν,
1215 3726 1306 3794 atque
1323 3718 1404 3776 simi·

262 3817 297 3874 lis
321 3817 419 3875 laudis
442 3819 571 3896 vestigia
593 3820 697 3878 insunt
719 3821 749 3877 in
771 3821 855 3878 brevi
878 3821 929 3878 illa
951 3821 1095 3897 epitoma,
1128 3839 1198 3878 cum
1230 3820 1306 3877 baec
1329 3819 1404 3876 defi·

262 3918 338 3975 nitio
361 3926 394 3976 ut
416 3921 528 3978 rectior
560 3930 591 3977 et
613 3922 711 3995 magis
734 3923 896 3996 perspicua
918 3921 1076 3980 adiciatur.
1121 3920 1200 3978 Tum
1233 3921 1325 3978 verba
1354 3920 1403 3976 illa

257 4012 338 4093 “πῶς
360 4016 422 4094 γὰρ
453 4015 493 4100 ἄν
525 4038 573 4095 τις
605 4017 725 4097 ὁρατὸς
749 4018 795 4083 ὢν
826 4025 986 4098 usquead
1018 4019 1076 4097 τὴν
1096 4018 1198 4083 κτίσιν
1223 4007 1403 4097 συνέχοντι’

261 4137 298 4176 ex
320 4122 433 4178 eodem
455 4121 541 4178 sonte
567 4123 746 4196 profluxisse
780 4141 871 4181 nemo
894 4125 1029 4198 negabit,
1053 4143 1092 4180 ex
1114 4142 1175 4199 quo
1208 4123 1297 4181 Arius
1329 4123 1403 4180 illud

259 4215 369 4295 ‘brtlov
392 4217 437 4296 ῶς
460 4217 519 4296 οὐχ
542 4217 649 4303 ὁρατῷ
679 4268 686 4282 .
710 4271 716 4284 .
740 4271 746 4284 .
770 4220 822 4285 καὶ
851 4225 908 4299 τῆς
930 4225 1085 4299 κοσμικῆς
1107 4221 1253 4298 εὐταξίας
1275 4219 1403 4300 ἁρμονι-

259 4307 317 4402 κῷ’
339 4324 533 4398 excerpserit.
580 4322 698 4394 Quibus
721 4326 812 4383 rebus
835 4327 908 4383 satis
931 4328 1158 4384 demonstratur
1185 4327 1401 4384 Theodoretus

231 4423 430 4481 'uberiorem
465 4427 621 4501 quandam
644 4428 879 4502 explicationem
910 4429 1006 4504 sequi,
1040 4430 1126 4486 cuius
1159 4429 1286 4504 vestigia
1319 4429 1402 4486 etin

258 4525 322 4582 Arii
344 4533 376 4581 et
408 4527 438 4582 in
462 4525 627 4585 Clementis
650 4527 731 4586 libris
754 4529 954 4588 inveniuntur.
999 4527 1076 4586 Cum
1106 4528 1265 4587 Clemente
1299 4537 1401 4587 autem
