3566 5406
741 539 947 601 -35-

275 724 369 786 ώσπερ
389 719 433 772 καί
450 718 466 772 ό
485 713 603 776 παλαιός
620 712 711 777 λόγος,
729 707 818 775 όιρχήν
869 721 896 758 τι
914 704 990 771 παρὰ
1012 703 1046 756 τό
1069 701 1210 769 ξυμφέρον
1234 700 1304 753 είναι
1322 697 1356 751 τό
1377 694 1415 749 δί·

274 826 305 864 τε
323 810 368 863 καί
381 807 452 874 μέσα
464 806 510 859 καί
525 801 661 866 τελευτήν
677 802 735 852 τῶν
750 796 818 850 πάν-
870 806 949 844 καιον
970 791 1076 856 ἔλεγον,
1095 789 1257 856 ἀξύμφορον
1269 786 1358 854 ταύτη
1375 799 1414 852 πη

273 904 333 953 τών
364 898 438 963 έχων
462 891 572 948 εύθείαν
597 888 720 955 περαίνει
748 885 820 939 κατά
869 880 902 932 τό
938 879 1080 947 ξυμφέρον
1110 877 1288 940 δεικνύντες·
1320 875 1416 927 ἄδικον

273 989 359 1055 φύσιν
378 980 641 1052 περιπορευόμενος,
665 981 706 1042 τῷ
727 975 759 1028 δέ
777 974 820 1027 ἀεί
869 968 922 1034 γὰρ
945 967 1088 1034 δήπουθεν
1115 968 1148 1021 τό
1175 970 1227 1020 τού
1247 962 1354 1019 δικαίου
1373 977 1416 1015 κε-

273 1077 421 1134 ξυνέπεται
440 1070 501 1137 δίκη
518 1074 577 1123 τών
589 1063 820 1130 ἀπολειπομένων
870 1056 1043 1122 χωρισμένον
1059 1097 1065 1109 .
1084 1057 1118 1109 τό
1138 1057 1168 1110 δέ
1187 1070 1219 1119 γε
1238 1053 1336 1107 ἄδικον
1355 1053 1417 1116 βλα·

273 1169 325 1221 τού
349 1162 426 1218 θείου
454 1160 543 1225 νόμου
572 1153 713 1222 τιμωρόςΙ
753 1153 820 1220 όρής
872 1146 970 1212 βερόν·
988 1146 1022 1198 τό
1041 1145 1072 1198 δέ
1101 1142 1234 1210 βλαβερόν
1257 1141 1309 1194 ούκ
1328 1141 1362 1192 ἂν
1381 1136 1417 1191 εί-

274 1255 353 1318 όπως
374 1253 420 1305 καί
442 1247 528 1310 αύτὸς
545 1244 690 1310 εὐλάβειαν
714 1238 820 1308 προσά-
871 1235 962 1298 κότως
985 1232 1098 1300 κληθείη
1122 1232 1271 1300 ξυμφέρον.
1313 1228 1343 1281 Ὁ
1367 1227 1417 1293 μέν

273 1359 316 1406 γει
334 1344 376 1409 τῷ
400 1336 467 1408 θείῳ
485 1336 577 1404 νόμῳ;
601 1331 727 1398 ἐπιφέρει
750 1332 820 1393 γοθν
872 1323 923 1377 ούν
954 1322 1078 1376 Πλάτων
1113 1322 1158 1374 καὶ
1189 1318 1343 1386 Σωκράτης
1372 1317 1417 1369 καί

275 1429 321 1496 ’ἧς
348 1428 364 1482 ό
393 1427 444 1494 μὲν
471 1421 685 1488 εὐδαιμονήσειν
713 1417 821 1485 μέλλων
872 1411 1009 1479 ξύμφωνα
1027 1410 1137 1478 ἐφάτην
1157 1411 1202 1462 καί
1221 1409 1371 1464 άξιέπαινα.

275 1518 406 1585 ἐχόμενος
438 1513 585 1570 ξυνέπεται
618 1507 749 1572 ταπεινός
776 1508 821 1559 καί
936 1566 941 1581 .
1406 1525 1408 1530 -

273 1602 506 1672 κεκοσμημένος.
545 1602 606 1655 είτα
641 1598 754 1660 τούτοις
786 1593 823 1648 τὰ

274 1695 415 1755 άκόλσυθα
443 1692 573 1757 συνάψας
604 1689 649 1741 καί
673 1691 715 1754 τῷ
737 1685 821 1754 ’φόβῳ

272 1782 447 1850 νουθετήσας
471 1779 613 1848 ἐπιφέρει·
633 1774 686 1841 ’τίς
711 1774 762 1828 ούν
787 1774 822 1838 δή

274 1874 371 1940 πρᾶξις
399 1869 466 1938 φίλη
496 1870 540 1922 καί
572 1865 726 1926 ἀκόλουθος
754 1864 823 1929 θεῷ;

275 1959 323 2026 μία
337 1960 382 2014 καί
401 1959 450 2012 ἕνα
471 1959 556 2022 λόγον
574 1956 679 2020 ἔχουσα
698 1953 823 2020 ἀρχαῖον,

274 2049 318 2104 ότι
336 2052 378 2117 τῷ
403 2047 453 2114 μὲν
473 2045 565 2115 όμοίῳ
586 2043 620 2098 τό
647 2043 745 2108 όμοιον
765 2040 825 2092 όντι

276 2134 379 2205 μετρίῳ
399 2133 483 2202 φίλον
502 2133 536 2186 ἂν
551 2133 602 2199 εἴη,
622 2131 657 2184 τά
675 2130 706 2183 δέ
719 2129 825 2197 ἄμετρα

275 2225 342 2278 ούτε
356 2222 486 2289 ἀλλήλοις
503 2222 570 2275 ούτε
590 2225 650 2283 τοῖς
665 2217 825 2284 ἐμμέτροις,

276 2313 329 2366 τόν
352 2311 404 2366 ούν
428 2315 470 2380 τῳ
495 2314 552 2380 θεῷ
577 2308 720 2377 προσφιλῆ
745 2321 825 2373 γενη·

208 2447 213 2456 .
275 2402 396 2468 σόμενον
424 2399 464 2464 είς
493 2399 611 2464 δύναμιν
637 2397 680 2451 ότι
708 2394 826 2461 μάλιστα

275 2491 321 2544 καὶ
343 2488 432 2543 αὐτόν
458 2490 591 2542 τοιοῦτον
614 2484 767 2548 ἀναγκαῖον
785 2479 825 2546 γί-

275 2580 379 2632 νεσθαι.
422 2576 519 2644 5133.
553 2575 602 2629 Καί
629 2571 701 2626 κατὰ
722 2575 826 2625 τουτον

276 2666 311 2732 δή
330 2665 381 2720 τὸν
400 2665 488 2731 λόγον
506 2664 586 2729 όμέν
599 2661 725 2727 σώφρων
743 2660 826 2725 ήμῶν

275 2757 332 2824 θεῷ
356 2752 439 2821 φίλος
464 2781 498 2791 -
517 2753 614 2819 όμοιος
632 2748 686 2816 γάρ
707 2777 739 2785 -
759 2748 774 2800 ό
795 2749 826 2800 δε

275 2843 313 2911 μή
337 2843 464 2911 σώφρων
490 2839 622 2906 όνόμοιός
645 2853 676 2892 τε
700 2838 745 2890 καί
767 2835 825 2889 διά-
892 2822 895 2828 ’

275 2932 380 3001 φορος’
391 2971 397 2985 .
410 2935 497 2985 τούτο
517 2928 635 2996 ἀρχαῖον
648 2927 719 2980 εἶναι
732 2924 826 2991 φήσας

275 3019 309 3074 τό
338 3020 429 3086 δόγμα
452 3019 506 3085 τήν
530 3017 561 3070 ἐκ
589 3019 640 3070 τοθ
669 3015 757 3078 νόμου
788 3011 827 3077 εἰς

275 3107 364 3162 αὐτὸν
391 3107 518 3174 ήκουσαν
555 3101 735 3158 διδασκαλίαν
768 3100 826 3171 ᾐνί-

276 3199 352 3265 ξατο,
382 3195 434 3250 κόν
456 3199 498 3263 τῳ
523 3192 669 3261 θεαιτήτῳ
695 3192 731 3245 τά
754 3191 826 3244 κακὰ

277 3285 349 3353 ἀμφὶ
366 3285 420 3351 τήν
438 3283 546 3351 θνητήν
573 3282 660 3349 φύσιν
679 3282 725 3334 καί
743 3281 827 3334 τόνδε

275 3374 327 3428 τόν
350 3373 441 3428 τόπον
463 3372 628 3439 περιπολεῖν
653 3370 680 3425 ἐξ
704 3369 828 3436 ἀνάγκης

277 3463 344 3527 δούς
367 3461 496 3529 ἐπιφέρει
524 3460 580 3514 ’διό
610 3460 655 3513 καί
679 3461 827 3525 πειρᾶσθαι

276 3552 328 3620 χρὴ
348 3550 462 3606 ἐνθένδε
483 3550 575 3603 ἐκεῖσε
588 3548 704 3613 φεύγειν
723 3548 766 3600 ότι
779 3546 827 3599 τά-

277 3654 367 3707 χιστα,
386 3639 464 3707 φυγή
482 3639 513 3693 δὲ
528 3635 662 3704 όμοίωσις
680 3639 736 3704 θεῷ
757 3636 827 3689 κατὰ

276 3730 310 3784 τό
338 3727 470 3794 δυνατόν,
502 3725 635 3794 ὁμοίωσις
659 3725 691 3778 δέ
720 3723 827 3777 δίκαιον

277 3819 323 3873 καὶ
344 3817 426 3872 όσιον
456 3814 526 3882 μετὰ
551 3813 719 3881 φρονήσεως
751 3812 828 3876 γενέ·
861 3805 863 3808 ’

276 3905 358 3960 σθαι“.
379 3905 416 3972 [p.
439 3903 510 3971 1761.
548 3901 773 3964 Σπεύσιππός
797 3917 828 3954 τε

276 3995 292 4048 ό
317 3993 475 4056 Πλάτωνος
503 3990 673 4057 όδελφιδούς
700 3990 753 4054 τήν
784 3989 827 4042 εύ-

276 4079 422 4149 δαιμονίαν
440 4082 529 4147 φησίν
549 4080 604 4133 ἕξιν
628 4079 700 4132 εἶναι
718 4076 829 4133 τελείαν

276 4171 376 4235 έντοῖς
394 4169 467 4224 κατά
486 4169 574 4234 φύσιν
593 4167 714 4234 ἔχουσιν,
734 4167 751 4232 ἢ
773 4167 828 4220 έξιν

276 4258 400 4325 ἀγαθῶν,
422 4257 457 4324 ἧς
476 4257 511 4323 δή
525 4255 728 4320 καταστάσεως
740 4255 827 4308 άπαν-

275 4364 326 4412 τας
352 4348 404 4413 μέν
433 4346 601 4416 ἀνθρώπους
629 4347 721 4412 όρεξιν
745 4343 826 4411 ἔχειν,

277 4435 461 4502 στοχάζεσθαι
485 4435 516 4488 δέ
539 4434 607 4498 τούς
629 4433 753 4498 άγαθοὺς
775 4436 828 4497 τής

276 4521 442 4590 άοχλησίας·
463 4523 521 4577 είεν
540 4521 602 4575 δ’ἂν
621 4521 649 4575 αἱ
667 4520 764 4589 ἀρεταί
776 4523 827 4586 τῆς
