3566 5406
710 555 917 616 -rs-

153 791 157 798 ,
244 731 305 788 lum
327 725 466 786 dolorem
486 726 598 787 dicere.
642 725 765 785 Deinde
787 729 829 786 ad
849 727 929 788 hanc
952 737 1127 788 enervatam
1148 731 1385 809 muliebremque

245 831 427 891 sententiam
450 829 523 888 satis
548 828 679 885 docilem
701 845 735 886 se
747 828 895 904 Epicurus
917 831 1066 905 praebuit.
1104 829 1195 889 Hunc
1216 842 1287 908 post
1301 834 1385 893 Rho·

244 935 312 992 dius
336 932 539 1007 Hieronymus
563 929 670 988 dolore
700 947 809 988 vacare
832 947 982 989 summum
1010 932 1124 990 bonum
1147 933 1236 990 dixit:
1266 942 1385 992 tantum

242 1036 274 1092 in
296 1034 403 1091 dolore
426 1030 511 1091 duxit
533 1032 614 1090 mali.
659 1030 759 1091 Ceteri
780 1041 902 1108 praeter
920 1034 1086 1107 Zenonem,
1109 1035 1293 1106 Aristonem,
1312 1037 1383 1114 Pyr-

134 1182 136 1186 .
243 1135 370 1193 rhonem
391 1134 475 1192 idem
498 1132 569 1202 iere,
592 1134 650 1190 sed
670 1133 729 1191 alia
750 1119 881 1209 peiora'.

345 1234 624 1294 commemoratum
637 1252 706 1292 esse
717 1233 798 1292 hunc
811 1235 913 1293 locum
926 1236 998 1294 satis
1012 1236 1060 1306 sit,
1077 1253 1118 1294 ne
1129 1245 1236 1296 contra
1249 1238 1385 1297 Zietsch·

243 1354 390 1396 mannum
415 1336 504 1409 [diss.
530 1335 600 1396 Hal.
623 1334 701 1393 1868
722 1354 752 1412 p.
773 1330 824 1414 11]
847 1345 1005 1396 auctorem
1027 1337 1121 1396 totius
1143 1339 1207 1396 libri
1227 1339 1256 1396 II
1277 1340 1385 1398 Antio·

245 1438 336 1497 chum
358 1456 428 1496 esse
452 1437 561 1513 dicam,
585 1438 669 1512 quod
691 1446 726 1497 ut
747 1439 934 1498 contendam
956 1441 1024 1516 ipse
1046 1447 1152 1498 monet
1166 1440 1384 1508 Zietschmann

243 1558 272 1617 p.
289 1539 309 1598 6
324 1557 368 1616 sq.
390 1540 465 1597 locis
481 1539 574 1598 Tusc.
589 1539 619 1596 H
646 1547 678 1597 et
703 1541 744 1598 de
767 1539 815 1601 fin.
839 1541 871 1599 II
903 1542 982 1599 inter
1013 1559 1047 1600 se
1076 1541 1208 1611 collatis,
1241 1545 1384 1618 quoniam

243 1642 406 1716 probatum
432 1649 480 1698 est
506 1638 687 1699 Ciceronem
712 1641 744 1699 in
773 1642 848 1700 libro
870 1641 900 1699 II
923 1643 963 1699 de
985 1642 1035 1702 fin.
1082 1641 1234 1700 Antiocho
1261 1651 1385 1701 auctore

243 1760 332 1802 usum
353 1759 423 1800 esse
446 1731 527 1822 [vide
549 1759 577 1816 p.
594 1735 636 1818 5].

343 1842 380 1901 In
408 1843 499 1900 tertio
520 1841 612 1900 Tusc.
643 1842 718 1900 libro
745 1842 869 1901 tabulae
895 1843 1046 1901 invenitur
1066 1861 1104 1902 ea
1125 1861 1205 1921 pars,
1241 1862 1321 1920 quae
1344 1846 1386 1903 ad

244 1944 410 2021 Epicureos
444 1943 587 2019 pertinet,
613 1943 686 2016 §40
701 1961 744 2019 sq.
769 1939 914 2019 [de§47
937 1945 1006 2003 vide
1028 1959 1091 2020 p.5
1114 1965 1144 2006 n.
1162 1944 1203 2019 2]‚
1237 1947 1289 2003 ubi
1320 1946 1386 2003 illo·

243 2063 308 2102 rum
330 2045 490 2122 disciplina
513 2061 582 2102 cum
604 2045 737 2121 antiquis
761 2053 969 2121 comparatur:
1003 2039 1041 2102 ‘a
1062 2047 1203 2120 gravibus
1228 2047 1284 2105 illis
1308 2047 1386 2104 anti·

246 2132 313 2221 quis
339 2145 524 2222 philosophis
545 2145 682 2221 petenda
705 2147 846 2202 medicina
876 2154 934 2215 est,
965 2163 1029 2204 non
1051 2148 1090 2203 ab
1118 2147 1165 2206 his
1187 2133 1386 2224 voluptariis'.

344 2245 381 2304 In
403 2254 511 2322 quarto
542 2246 619 2303 libro
646 2254 903 2305 commemoratur
931 2247 1037 2305 tabula
1057 2242 1146 2321 §im
1177 2236 1299 2319 ‘Quare
1321 2267 1386 2306 om·

154 2340 159 2354 '
245 2347 328 2405 nium
360 2346 619 2423 philosophorum,
652 2355 687 2406 ut
720 2355 793 2406 ante
814 2347 885 2417 dixi,
916 2365 979 2406 una
999 2347 1076 2406 ratio
1106 2355 1154 2405 est
1183 2349 1322 2417 medendi,
1353 2356 1387 2406 ut

244 2447 325 2518 nihil,
355 2448 446 2524 quale
468 2449 507 2506 sit
528 2447 614 2517 illud,
645 2447 731 2522 quod
751 2447 909 2522 perturbet
931 2448 1075 2518 animum,
1107 2449 1165 2506 sed
1194 2449 1234 2506 de
1256 2449 1323 2524 ipsa
1348 2449 1388 2506 sit

241 2548 475 2626 perturbatione
490 2548 662 2607 dicendum.
706 2547 815 2623 Itaque
830 2549 960 2625 primum
977 2549 1008 2606 in
1028 2549 1096 2624 ipsa
1116 2549 1294 2625 cupiditate,
1317 2566 1386 2607 cum

245 2650 279 2708 id
300 2651 399 2709 solum
420 2650 526 2725 agitur,
560 2657 593 2706 ut
625 2667 663 2706 ea
690 2649 821 2720 tollatur,
853 2657 987 2707 nonest
1020 2651 1239 2725 quaerendum,
1270 2650 1387 2708 bonum

244 2752 319 2810 illud
339 2769 438 2810 necne
461 2751 509 2821 sit,
543 2753 630 2827 quod
654 2751 819 2809 lubidinem
851 2758 983 2820 moveat,
1016 2752 1073 2808 sed
1095 2750 1200 2808 lubido
1231 2751 1299 2826 ipsa
1330 2753 1387 2809 tol·

244 2852 337 2910 lenda
359 2860 415 2922 est,
446 2859 479 2910 ut
501 2851 574 2928 sive,
603 2853 689 2926 quod
709 2850 871 2910 honestum
893 2860 950 2920 est,
984 2851 1017 2908 id
1038 2852 1077 2909 sit
1097 2868 1249 2909 summum
1271 2850 1387 2909 bonum

245 2951 307 3008 sive
329 2951 470 3027 voluptas
504 2952 567 3010 sive
598 2951 706 3010 horum
731 2959 893 3027 utrumque
925 2952 1120 3010 coniunctum
1154 2952 1218 3010 sive
1249 2952 1306 3009 tria
1336 2951 1388 3011 illa

244 3068 358 3126 genera
386 3052 546 3121 bonorum,
579 3060 703 3122 tamen,
738 3052 830 3110 etiam
860 3052 885 3110 si
914 3052 1030 3110 virtutis
1057 3051 1150 3127 ipsius
1178 3051 1388 3110 vehementior

244 3152 399 3229 adpetitus
421 3153 469 3221 sit,
502 3153 614 3212 eadem
648 3153 687 3211 sit
714 3154 853 3211 omnibus
885 3154 927 3211 ad
955 3151 1173 3210 deterrendum
1209 3153 1387 3212 adhibenda

244 3253 343 3312 oratio
353 3247 369 3312 ².
411 3253 461 3312 De
482 3254 677 3313 similitudine
703 3254 884 3324 medicinae,
918 3271 999 3328 quae
1027 3255 1205 3331 saepissime
1237 3254 1388 3312 invenitur

244 3354 377 3412 inlibris
402 3353 566 3425 Ciceronis,
588 3350 628 3432 [e.
643 3373 674 3430 g.
697 3354 734 3415 cl.
757 3355 849 3415 Tusc.
866 3354 910 3412 IV
932 3356 948 3426 ἓ
966 3371 1006 3429 24
1024 3354 1103 3412 ratio
1125 3355 1213 3432 quasi
1235 3356 1388 3431 quaedam

246 3455 402 3514 Socratica
431 3453 595 3533 medicina]
627 3457 708 3525 vide,
741 3473 820 3531 quae
848 3455 910 3513 dixi
932 3474 961 3531 p.
987 3472 1024 3529 14
1047 3464 1078 3513 et
1100 3474 1129 3532 p.
1147 3471 1195 3529 24·
1219 3487 1257 3497 -
1280 3456 1388 3530 Aeque

246 3575 283 3616 ac
314 3557 346 3614 in
379 3555 468 3614 tertio
502 3564 533 3614 et
566 3564 674 3632 quarto
699 3555 780 3615 libris
814 3558 854 3615 de
880 3556 929 3613 tin.
956 3574 975 3613 a
997 3554 1145 3614 Cicerone
1167 3557 1198 3612 in
1220 3554 1268 3614 111
1289 3562 1322 3612 et
1344 3555 1388 3612 IV

245 3657 325 3714 libris
348 3655 442 3716 Tusc.
464 3656 609 3715 Antiochi
642 3657 733 3715 libros
758 3656 913 3717 adhibitos
936 3673 1006 3714 esse
1032 3675 1074 3714 ne
1102 3656 1238 3732 pluribus
1260 3664 1390 3714 conten·

246 3759 329 3828 dam,
351 3758 502 3834 impedior
527 3757 698 3816 refutandis
716 3758 974 3834 disputationibus
996 3758 1127 3815 virorum
1143 3759 1314 3835 doctorum,
1336 3757 1389 3833 qui

245 3859 347 3918 adhuc
367 3860 408 3918 de
422 3858 666 3917 Tusculanarum
688 3858 865 3917 auctoribus
881 3858 1007 3917 Graecis
1030 3858 1226 3934 quaestiones
1243 3858 1388 3917 fecerunt.

345 3957 484 4018 Transeo
510 3959 553 4018 ad
574 3958 732 4019 Ciceronis
764 3962 805 4017 de
826 3959 943 4034 legibus
965 3960 1065 4019 libros.
1109 3958 1213 4034 Atque
1238 3959 1271 4016 in
1291 3959 1388 4034 primo

246 4059 310 4117 duo
335 4059 438 4118 insunt
464 4059 533 4130 loci,
567 4060 676 4136 quibus
699 4059 815 4118 Tullius
839 4059 1058 4118 sententiarum
1089 4059 1129 4116 de
1155 4075 1273 4117 summo
1308 4059 1390 4116 bono

246 4160 382 4219 tabulam
403 4161 607 4237 perstringere
629 4162 758 4222 videtur.
801 4157 890 4238 §38:
921 4154 972 4219 ‘iis
994 4160 1144 4230 omnibus,
1170 4161 1233 4218 sive
1254 4161 1287 4218 in
1309 4160 1389 4218 Aca·

246 4261 349 4319 demia
370 4269 473 4319 vetere
495 4279 563 4319 cum
585 4262 766 4338 Speusippo,
795 4263 980 4330 Xenocrate,
1009 4260 1177 4319 Polemone
1199 4268 1387 4330 manserunt,

246 4361 308 4420 sive
329 4362 524 4420 Aristotelem
547 4370 579 4419 et
594 4361 853 4438 Theophrastum,
876 4381 946 4420 cum
968 4362 1025 4419 illis
1043 4369 1247 4436 congruentes
1269 4378 1312 4430 re,
1334 4378 1389 4436 ge·

244 4480 318 4520 nere
340 4463 475 4522 docendi
501 4464 624 4539 paulum
646 4463 834 4542 differentes,
867 4463 965 4522 secuti
994 4471 1077 4533 sunt,
1110 4463 1184 4533 sive,
1215 4470 1250 4521 ut
1272 4461 1390 4520 Zenoni

246 4564 342 4623 visum
363 4573 422 4642 est,
458 4566 549 4624 rebus
570 4583 634 4623 non
661 4565 856 4624 commutatis
879 4566 1111 4624 immutavenmt
1132 4564 1291 4633 vocabula,
1328 4562 1391 4622 sive
