3566 5406
738 512 945 571 -4,..

265 691 331 741 tore
347 681 511 754 Antiocho,
527 675 721 758 explicatur1.
743 680 819 758 Cap.
836 681 880 739 IV
901 679 1143 740 Christianorum
1170 683 1320 754 doctrina,
1343 701 1413 743 cum

266 783 392 843 Graecis
414 782 520 852 mixta,
550 781 713 858 opponitur
742 781 955 857 philosophiae
978 779 1155 857 antIquae2.
1189 784 1279 844 Initio
1302 786 1411 863 capitis

264 883 351 943 huius
378 873 484 942 tabula
505 883 637 941 breviter
659 882 822 958 attingitur.
843 913 880 924 -
913 882 1067 940 Varronem
1087 892 1118 941 et
1135 885 1167 942 ln
1188 884 1297 944 saturis
1324 888 1411 945 tabu·

266 985 325 1044 lam
347 984 430 1042 illam
451 983 629 1041 adhibuisse
649 983 852 1057 intellegimus
875 1000 914 1039 ex
935 981 1111 1058 fragmentis
1137 999 1213 1058 402:
1234 973 1340 1062 ‘porro
1361 986 1407 1046 in·

264 1086 305 1142 de
328 1085 367 1144 ab
389 1103 451 1143 uuo
475 1101 597 1160 quoque
620 1083 755 1160 compito
777 1092 885 1141 ternae
917 1081 984 1141 viae
1010 1084 1158 1164 oriuntur,
1185 1087 1331 1162 equibus
1349 1086 1410 1145 sin-

265 1187 355 1260 gulae
377 1186 491 1243 exitum
513 1201 550 1243 ac
573 1181 670 1259 τέλος
693 1183 808 1242 habent
830 1182 986 1260 proprium
1002 1202 1044 1244 .a
1065 1185 1161 1262 primo
1178 1188 1311 1264 compito
1336 1188 1411 1246 dex·

265 1289 369 1344 timam
390 1287 469 1344 viam
490 1286 599 1344 muniit
613 1277 794 1363 Epicurus;’
815 1285 891 1360 483:
913 1279 1019 1344 ‘uuam
1039 1285 1118 1344 viam
1132 1287 1260 1346 Zenona
1273 1289 1409 1347 munisse

265 1388 344 1446 duce
359 1387 479 1457 virtute,
501 1385 582 1444 hauc
598 1403 666 1444 esse
682 1387 816 1445 nobilem
827 1431 835 1447 .
847 1385 975 1444 alteram
991 1385 1184 1446 Carneadem
1206 1388 1409 1448 desubulasse

265 1489 346 1546 bona
357 1486 496 1564 corporis
512 1495 653 1546 secutum
661 1483 677 1558 ';'
702 1487 781 1562 484:
801 1475 949 1545 <alteram
964 1486 1043 1544 viam
1059 1487 1250 1547 deformasse
1273 1487 1408 1548 Carnea-

265 1589 337 1647 dem
348 1588 463 1647 virtutis
480 1605 497 1645 e
515 1589 601 1664 cupis
624 1589 702 1648 acris
724 1584 818 1647 aceti'
842 1589 893 1649 ed.
907 1581 1069 1657 'Buechel.,
1091 1589 1124 1646 in
1147 1589 1256 1664 quibus
1271 1589 1409 1667 singulae

263 1698 368 1750 sectae
392 1708 461 1750 cum
481 1691 537 1749 viis
559 1699 782 1767 comparantur.

362 1791 512 1850 Eiusdem
535 1791 637 1867 operis
660 1790 824 1867 Augustini
853 1793 896 1850 ad
926 1809 991 1849 rem
1012 1792 1168 1868 pertinent
1188 1791 1281 1849 etiam
1304 1792 1343 1862 X,
1371 1792 1407 1852 18

262 1899 295 1951 et
315 1891 419 1951 XVIII
434 1908 484 1966 41,
507 1891 560 1950 ubi
581 1893 623 1949 de
643 1893 836 1951 dissensione
851 1892 1101 1969 philosophorum
1122 1891 1241 1954 dicitur.
1271 1890 1340 1964 Qua
1365 1894 1406 1952 de

263 2011 295 2052 re
307 1993 443 2068 pluribus
462 1993 607 2052 disseruit
627 1993 658 2050 in
681 1993 778 2070 Epist.
802 1995 844 2050 ad
867 1993 973 2053 Di0sc.
1000 1992 1056 2050 118
1078 1986 1164 2070 [tom.
1179 1991 1208 2050 II
1224 2010 1253 2068 p.
1269 1993 1331 2066 328
1354 1995 1406 2054 ed.

264 2087 451 2171 Benedict.].
477 2125 514 2136 -
539 2093 621 2152 Tum
643 2095 684 2152 de
705 2092 797 2152 trinit.
820 2092 898 2150 XIII
920 2092 939 2150 8
962 2087 997 2171 [t.
1013 2091 1088 2152 VIII
1102 2111 1130 2168 p.
1147 2107 1207 2168 932
1224 2087 1277 2171 B]‚
1300 2102 1408 2152 contre

262 2193 370 2271 Julian.
382 2192 485 2270 Pelag.
501 2192 600 2268 1V4b
618 2188 655 2272 [t.
671 2193 746 2271 xp.
763 2191 820 2251 621
837 2193 870 2250 F.
886 2187 925 2270 B]
942 2191 970 2249 V
984 2208 1024 2266 50
1040 2185 1085 2269 [p.
1100 2187 1178 2270 690]
1194 2193 1407 2269 quaestionem

262 2294 302 2354 de
324 2309 442 2354 summo
464 2297 547 2355 bono
570 2296 614 2353 ita
635 2303 747 2354 tractat
767 2294 965 2372 Augustinus,
994 2305 1027 2352 ut
1050 2312 1284 2369 cognoscamus,
1322 2303 1407 2354 cata·
1468 2292 1476 2304 “

262 2397 366 2475 logum
391 2392 667 2474 philosophorum³
688 2397 716 2454 ei
738 2404 846 2456 notum
869 2397 1014 2456 fuisse-
1038 2405 1135 2456 contr.
1157 2396 1215 2475 Jul.
1236 2395 1340 2474 Pelag.
1362 2396 1407 2455 1v

261 2498 318 2572 46:
337 2487 424 2557 ‘Hoc
439 2499 520 2557 enim
534 2499 589 2556 tibi
603 2498 795 2576 potissimum
811 2497 1010 2576 congruebat,
1034 2497 1086 2572 qui
1101 2497 1265 2556 honestate
1282 2497 1405 2573 quidem

261 2599 373 2658 mentis
396 2599 531 2670 inferius,
554 2608 658 2658 tamen
679 2600 796 2658 bonum
818 2597 949 2657 hominis
972 2615 1041 2656 esse
1065 2615 1173 2656 censes
1196 2598 1331 2675 corporis
1353 2617 1406 2657 vo-

260 2700 418 2776 luptatem.
463 2701 527 2760 Sed
555 2701 622 2778 quis
643 2718 707 2760 non
729 2701 804 2777 quid
833 2699 1026 2776 prospexeris
1050 2695 1175 2758 cernat?
1210 2698 1258 2757 Ne
1290 2699 1405 2760 scilicet

261 2800 292 2858 in
313 2802 381 2877 ipsa
402 2802 441 2859 de
469 2801 627 2876 voluptate
649 2799 831 2875 quaestione
846 2800 930 2858 unde
945 2808 1048 2859 tecum
1067 2799 1194 2876 agimuS,
1214 2799 1405 2860 honestiores

259 2903 433 2981 philosophi
458 2911 489 2962 te
515 2903 654 2975 obruent,
688 2919 767 2979 quos
801 2901 909 2961 Clcero
934 2911 1059 2978 propter
1085 2901 1183 2978 ipsam
1211 2902 1405 2960 honestatem

262 3012 409 3080 tanquam
432 3005 610 3064 consulares
624 3002 824 3080 philosophos
839 2999 1075 3080 nuncupavit'4;
1101 3011 1133 3061 et
1153 3021 1223 3061 cum
1238 3004 1405 3062 consularis

261 3105 424 3164 cuiusdam
441 3104 617 3182 philosophi
634 3103 845 3163 definitionem
859 3087 1028 3180 probasset,
1046 3113 1151 3162 contra
1164 3105 1297 3162 eundem
1312 3104 1405 3180 scrip-

261 3205 300 3265 sit
335 3205 523 3282 Augustinus
544 3205 574 3263 V
597 3220 651 3278 50:
681 3199 800 3281 ‘placet
822 3205 875 3262 tibi
897 3213 982 3264 secta
994 3204 1185 3274 Dinomachi‚
1211 3200 1405 3263 honestatem

262 3307 512 3384 voluptatemque
528 3307 728 3384 coniungens,
751 3307 837 3382 quod
851 3305 1024 3382 philosophi
1039 3322 1163 3381 quoque
1181 3304 1270 3364 huius
1284 3307 1399 3382 mundi,

259 3409 311 3484 qui
332 3408 524 3467 honestiores
552 3408 742 3478 videbantur,
765 3406 935 3484 Scyllaeum
957 3407 1071 3465 bonum
1098 3424 1166 3465 esse
1187 3407 1338 3478 dixerunt,
1361 3424 1400 3465 ex

260 3508 394 3567 humana
415 3509 530 3568 scilicet
554 3518 663 3568 natura
686 3508 880 3584 belluinaque
902 3503 1120 3584 compactum.’
1143 3507 1219 3566 Cum
1241 3508 1302 3567 hoc
1322 3507 1403 3584 Scyl·

260 3609 330 3668 laeo
353 3611 436 3668 bono
458 3611 484 3668 si
507 3611 629 3668 coniers
651 3607 714 3669 Cic.
738 3609 778 3666 de
793 3609 841 3666 off.
864 3609 907 3666 III
926 3624 997 3683 119:
1018 3597 1109 3680 ‘Quo
1127 3606 1224 3684 magis
1240 3607 1403 3685 reprehen-

262 3759 459 3768 ——-—--—.--

359 3830 371 3870 ¹
391 3835 558 3886 Conferenda
577 3842 618 3885 est
636 3835 771 3886 distinctio
790 3834 858 3884 vitae
877 3835 979 3895 beatae,
1002 3832 1135 3894 beatioris,
1156 3833 1325 3886 beatissimae
1343 3850 1402 3886 cum

258 3924 306 3984 eis,
334 3938 401 3988 quae
426 3923 481 3974 Cic.
501 3922 594 3973 defin.
614 3923 641 3973 V
660 3929 726 3974 extr.
745 3922 867 3988 exposuit
885 3920 931 3988 [ci.
949 3919 1009 3989 §81
1031 3927 1058 3972 et
1077 3922 1128 3985 83:
1152 3917 1161 3984 ἶ
1169 3921 1267 3972 utinam
1293 3921 1402 3988 quidem

258 4011 377 4062 dicerent
405 4009 485 4061 alium
510 4011 564 4061 alio
593 4009 751 4062 beatiorem'
770 4015 797 4060 et
815 4005 901 4076 §95],
927 4015 957 4060 ut
975 4009 1124 4074 Intelleges,
1154 4008 1289 4076 quomodo
1308 4009 1400 4061 Cicero

258 4099 366 4152 Graecis
385 4098 461 4150 libris
479 4114 542 4148 usus
562 4099 603 4150 sit.

356 4181 369 4221 ²
387 4185 519 4236 Virtutum
538 4186 640 4247 divisio,
659 4202 725 4252 quae
739 4185 808 4237 inest
819 4185 847 4236 in
858 4186 911 4236 hoc
924 4186 1016 4253 capite,
1035 4185 1211 4253 comparanda
1224 4192 1263 4237 est
1281 4201 1339 4236 cum
1353 4185 1400 4247 eis,

256 4291 322 4342 quae
340 4274 434 4325 Hirzel
451 4275 479 4324 11
496 4290 522 4341 p.
535 4286 585 4338 493
604 4290 643 4340 sq.
664 4275 811 4340 explicavit.

357 4357 369 4397 ⁸
387 4362 427 4414 Ci.
446 4365 517 4426 Aug.
533 4363 567 4413 de
579 4362 652 4413 haer.
671 4362 704 4412 ad
724 4361 935 4428 Quoddeusvult.
953 4361 1023 4412 vm
1041 4377 1067 4428 p.
1078 4373 1092 4426 3
1104 4362 1146 4414 ed.
1157 4361 1189 4414 B.
1209 4388 1242 4400 -
1262 4361 1303 4412 Ci.
1314 4359 1399 4421 Diels,

256 4453 325 4505 Dox.
343 4468 369 4520 p.
387 4450 444 4515 184.
940 4473 942 4476 ·

355 4536 426 4592 ⁴Ci.
445 4538 525 4590 Tusc.
544 4539 557 4588 Ι
575 4536 592 4605 5
606 4548 649 4604 55.
667 4537 701 4586 de
720 4537 795 4588 deor.
813 4543 865 4589 nat.
883 4539 898 4588 1
917 4534 990 4607 §94.
