3566 5406
837 491 1038 567 ..36-

365 675 542 742 εὐδαιμονίας
569 674 777 743 ἀπεργαστικαί.
814 676 909 728 Ξενο

366 766 491 833 κράτης
508 780 540 819 τε
559 765 574 818 ὁ
594 763 782 830 Χαλκηδόνιος
793 764 847 828 τὴν
866 763 909 816 εὐ·

366 853 511 919 δαιμονίαν
536 851 708 907 ἀποδίδωσιν
735 855 834 918 κτῆσιν
858 855 911 918 τῆς

366 941 588 1008 οίκείαςὲάρετής
606 943 651 994 καί
672 945 723 1008 τῆς
741 941 911 1008 ὑπηρετικῆς

367 1032 438 1098 αὐτῇ
467 1030 628 1094 δυνάμεως,
657 1027 719 1082 εἶτα
744 1029 784 1091 ῶς
806 1028 857 1093 μὲν
880 1029 911 1081 ἐν

367 1119 390 1188 ᾧ
408 1116 514 1183 γίνεται
531 1118 662 1186 φαίνεται
680 1117 771 1181 λέγων
789 1116 842 1181 τὴν
857 1132 910 1181 uu-

365 1206 427 1273 χήν,
446 1206 485 1271 ῶς
503 1207 528 1258 δ’
547 1205 596 1274 ὑφ’
617 1205 658 1259 ῶν
676 1205 727 1269 τὰς
743 1205 852 1271 ἀρετάς,
872 1206 912 1270 ὼς

367 1293 421 1350 δ’ἐξ
440 1293 482 1347 ῶν
500 1295 539 1358 ῶς
556 1299 651 1361 μερῶν
669 1295 720 1358 τὰς
738 1294 824 1358 καλὰς
842 1292 910 1361 πρά-

366 1385 420 1448 ξεις
440 1384 485 1436 καί
497 1383 548 1447 τὰς
567 1382 721 1447 σπουδαίας
738 1383 806 1446 ἕξεις
815 1398 847 1436 τε
866 1384 912 1435 καί

369 1472 506 1536 διαθέσεις
524 1473 569 1524 καί
588 1471 709 1539 κινήσεις
732 1473 778 1526 καί
796 1471 911 1537 σχέσεις,

368 1562 407 1625 ῶς
424 1561 536 1614 τούτων
555 1561 606 1613 οὐκ
628 1560 694 1613 ἄνευ
713 1560 749 1614 τὰ
767 1559 912 1625 σωματικὰ

367 1650 413 1703 καί
430 1649 466 1702 τὰ
490 1648 585 1713 ἐκτός.
605 1650 621 1703 ὁ
642 1649 696 1717 γὰρ
717 1649 912 1717 Ξενοκράτους

366 1738 506 1806 γνώριμος
523 1737 693 1805 Πολέμων
710 1736 840 1806 φαίνεται
858 1736 912 1803 τὴν

368 1825 546 1892 εὐδαιμονίαν
569 1826 737 1894 αὐτάρκειαν
760 1828 830 1880 είναι
850 1828 912 1892 βου-

367 1914 484 1982 λόμενος
513 1914 629 1979 ἀγαθῶν
659 1914 775 1968 πάντων
805 1915 822 1980 ἢ
853 1919 913 1968 τῶν

368 2003 509 2057 πλείστων
531 2005 576 2057 καί
603 2002 759 2070 μεγίστων.
784 2000 912 2068 δογματί-

368 2094 408 2146 ζει
430 2096 501 2157 γούν
523 2093 607 2158 χωρίς
631 2092 680 2157 μὲν
705 2092 807 2159 ἀρετῆς
830 2091 913 2157 μηδέ-

368 2196 439 2233 ποτε
451 2179 486 2232 ἂν
499 2179 678 2245 εὐδαιμονίαν
689 2166 838 2246 ὑπάρχειν,Ῡ
852 2178 914 2245 δίχα

369 2269 400 2322 δὲ
427 2269 472 2322 καί
500 2272 560 2322 τῶν
588 2271 755 2334 σωματικῶν
782 2269 828 2322 καί
854 2272 915 2320 τῶν

369 2356 450 2422 ἐκτὸς
476 2357 530 2422 τὴν
557 2357 661 2425 ἀρετὴν
691 2357 817 2425 αὐτάρκη
844 2357 915 2424 πρὸς

371 2444 551 2511 εὐδαιμονίαν
570 2440 664 2499 είναιῙ.
703 2441 706 2452 ’

468 2638 590 2711 Quanta
613 2640 683 2698 insit
704 2640 872 2698 similitudo
894 2641 974 2697 inter
995 2639 1186 2699 Clementem
1213 2647 1245 2696 et
1268 2638 1507 2710 Theodoretum,

369 2741 435 2816 quis
458 2759 521 2798 non
542 2737 646 2798 videt?
669 2740 776 2816 Neque
791 2742 952 2818 quisquam
974 2741 1140 2810 mirabitur,
1164 2741 1249 2816 quod
1264 2740 1317 2797 viri
1331 2741 1415 2798 docti
1429 2740 1510 2798 The·

369 2843 530 2900 odoretum
553 2843 704 2919 permulta
724 2860 762 2899 ex
784 2842 981 2900 Alexandrini
997 2842 1077 2899 libris
1092 2842 1232 2900 hausisse
1254 2849 1373 2917 putant.
1409 2839 1511 2912 Quare

367 2943 456 3001 nobis
477 2944 670 3018 probandum
694 2951 749 3019 est,
783 2944 875 3001 talem
902 2942 1105 3000 differentiam
1128 2959 1198 3000 esse
1225 2942 1304 2999 inter
1330 2941 1396 2999 illos
1419 2942 1512 3022 scrip·

370 3052 463 3114 tores,
486 3053 520 3102 ut
543 3062 606 3101 non
630 3044 706 3101 alter
727 3045 766 3101 ab
789 3044 886 3102 altero
909 3045 965 3100 sed
997 3052 1126 3119 uterque
1153 3062 1172 3100 a
1203 3042 1292 3100 tertio
1317 3044 1453 3118 quodam
1474 3061 1512 3101 ea

369 3145 484 3220 petisse
505 3145 707 3220 intellegatur,
740 3162 819 3221 quae
843 3147 883 3202 de
907 3144 1097 3202 Graecorum
1119 3143 1372 3220 philosophorum
1387 3152 1512 3201 senten·

369 3246 418 3304 tiis
440 3246 608 3304 tradiderit.
652 3246 753 3323 Atque
775 3246 835 3302 iam
857 3245 1100 3321 comparavimus
1123 3245 1207 3302 locos
1230 3262 1267 3301 ex
1295 3243 1340 3302 his
1366 3244 1513 3303 ecclesia·

370 3347 454 3404 sticis
485 3346 692 3421 scriptoribus,
733 3346 784 3403 ubi
814 3347 855 3403 de
877 3345 1087 3421 Sardanapalli
1122 3345 1280 3403 mentione
1314 3346 1511 3403 disseruimus

371 3441 414 3524 [ρ.
434 3463 469 3504 12
493 3447 554 3524 sq].
593 3446 692 3505 Nemo
715 3446 874 3516 dubitabit,
902 3447 929 3504 si
951 3448 1036 3505 locos
1066 3447 1176 3506 allatos
1201 3447 1416 3522 composuerit,
1440 3447 1512 3521 quin

368 3565 415 3618 ea,
438 3565 517 3622 quae
539 3546 755 3604 Theodoretus
777 3547 946 3615 tradiderit,
977 3548 1019 3605 ad
1040 3545 1195 3605 Ciceronis
1217 3549 1310 3605 verba
1331 3549 1428 3605 multo
1443 3565 1513 3624 pro-

368 3675 536 3682 ---—-..-.-,..
541 3675 564 3680 ..-

466 3735 477 3773 ¹
497 3739 650 3790 Polemonis
670 3755 702 3789 ex
720 3739 871 3790 definitione
890 3738 1078 3802 intellegimus,
1102 3756 1154 3806 quo
1174 3742 1254 3792 modo
1274 3741 1426 3792 Antiochus
1447 3742 1513 3793 stoi-

368 3842 425 3877 cam
454 3827 616 3893 disciplinam
645 3843 703 3877 cum
721 3827 884 3877 Academica
910 3827 1072 3877 confundere
1101 3828 1222 3893 potuerit.
1263 3829 1332 3878 Nam
1360 3829 1513 3880 Polemonis

369 3916 498 3966 sententia
521 3915 608 3965 media
635 3916 691 3965 lere
718 3923 756 3966 est
781 3916 849 3964 inter
881 3915 1034 3965 vetustiores
1064 3915 1253 3982 Peripateticos
1276 3917 1513 3983 Academicosque,

368 4004 413 4069 qui
431 4003 546 4054 externis
564 4003 642 4054 bonis
662 4003 724 4069 plns
742 4003 896 4062 tribuerunt,
918 4009 944 4052 et
963 4002 1075 4061 Stoicos,
1098 4003 1142 4069 qui
1157 4003 1254 4052 nullius
1273 4005 1399 4054 momenti
1412 4020 1443 4055 ea
1456 4021 1529 4064 esse¹

368 4099 531 4158 putaverunt.
568 4094 658 4159 Atque
680 4093 807 4143 historica
836 4094 938 4142 ratione
961 4093 1111 4142 Antiochus
1139 4094 1295 4143 sententiam
1321 4111 1394 4144 suam
1422 4095 1514 4145 confir·

367 4180 448 4229 mavit
466 4197 525 4230 cum
543 4182 675 4231 Zenonem
695 4182 802 4231 audisse
816 4180 990 4231 Polemonem
1010 4181 1119 4246 eiusque
1139 4181 1303 4247 disciplinam
1322 4183 1452 4246 corrigere
1472 4198 1514 4234 co-

368 4274 456 4318 natum
485 4284 544 4318 esse
570 4269 670 4319 diceret
699 4268 765 4336 [Cic.
790 4270 877 4319 Acad.
896 4270 910 4318 I
929 4282 976 4333 345
1005 4269 1038 4319 cl.
1059 4270 1092 4318 de
1120 4269 1162 4318 fin.
1183 4270 1224 4320 IV
1240 4268 1271 4335 ἐξ
1290 4282 1314 4332 3.
1337 4283 1376 4332 14.
1397 4282 1438 4336 51.
1458 4269 1512 4337 61].

368 4357 426 4406 Hac
456 4357 489 4407 de
516 4373 594 4407 causa
612 4359 706 4408 lactum
736 4365 776 4408 est
803 4365 831 4407 ut
856 4359 960 4424 saepius
988 4373 1082 4407 nomen
1101 4357 1255 4408 Polemonis
1284 4358 1405 4407 afferatur
1432 4359 1464 4407 ab
1482 4359 1513 4408 iis

369 4445 552 4512 scriptoribuS,
571 4447 616 4512 qui
625 4447 790 4497 Antiochum
808 4447 891 4497 secuti
909 4453 976 4498 suut.
996 4446 1202 4497 Commemoravi
1214 4447 1266 4496 iam
1281 4447 1435 4497 Ciceronem
1447 4447 1515 4497 Aca·

369 4533 466 4584 demici
484 4534 555 4584 illius
572 4535 731 4585 mentionem
750 4551 804 4584 non
822 4535 906 4586 facere
924 4535 974 4585 nisi
992 4535 1075 4585 libros
1093 4535 1251 4585 Antiochios
1271 4535 1474 4586 exscribentem.
