3566 5406
738 529 946 586 -4,...

269 695 480 760 ὑποτιθέασιν
502 692 603 770 αὐτὴν
626 691 671 769 εἰς
694 693 802 770 κοινὴν
826 691 1005 756 συνουσίαν
1026 740 1034 754 .
1055 688 1147 755 ἄλλοι
1181 692 1238 770 μὲν
1271 691 1306 756 οἱ
1330 695 1413 772 βελ-

270 795 409 874 τίονες
441 793 624 872 κρινόμενοι
654 792 753 856 κατὰ
780 791 987 857 Πλάτωνα
1009 789 1164 870 καθάρσει
1188 793 1239 856 καὶ
1261 790 1412 875 ἀναγωγῇ

270 897 322 961 καὶ
336 895 503 961 τελειώσει
520 897 578 972 τῆς
592 896 715 972 ψυχῆς·
738 891 830 956 ἄλλοι
852 894 889 958 δὲ
904 891 940 956 οἱ
963 893 1152 972 χείρονες
1174 896 1244 971 τοῖς
1260 893 1414 970 ἐναντίως

269 996 395 1062 τούτων
408 991 761 1072 ἀντιδιαστελλόμενοι·
776 994 857 1058 κατὰ
875 995 911 1058 δὲ
926 995 1004 1072 τοὺς
1031 995 1229 1072 στωικούς
1250 999 1287 1077 τῇ
1301 1013 1414 1058 κοινω-

270 1098 322 1182 viu
337 1097 389 1162 καὶ
401 1102 446 1182 τῷ
459 1098 548 1181 καλῷ
560 1099 604 1180 τῷ
615 1097 673 1173 τῆς
685 1093 819 1174 φύσεως
832 1094 1036 1178 ἐξηρτημένιρ
1050 1113 1056 1124 ·
1069 1095 1151 1159 κατὰ
1164 1096 1200 1159 δὲ
1222 1094 1300 1172 τοὺς
1315 1114 1414 1173 περι·

271 1196 514 1278 πατητικοὺς
546 1201 584 1281 τῇ
617 1195 699 1260 κατὰ
719 1195 820 1275 φύσιν
842 1216 877 1260 τε
898 1196 1076 1279 συμμετρίᾳ
1112 1196 1163 1260 καὶ
1184 1200 1222 1279 τῇ
1252 1194 1333 1273 ὑπὲρ
1355 1195 1413 1272 τὴν

272 1297 475 1379 ἀνθρωπίνην
490 1297 589 1377 φύσιν
603 1301 703 1381 νοερᾷ
719 1301 784 1381 ζωῇ
800 1295 1064 1382 προτιμωμένῃῑ.
1078 1296 1211 1362 κατάδὲ
1225 1295 1414 1375 Ἥριλλον

273 1399 428 1484 ἐπιστήμῃ
447 1397 548 1462 ’κατὰ
571 1398 607 1462 δὲ
629 1395 842 1476 Ἀρίστωνα
864 1395 1040 1480 ἀδιαφορίᾳ
1053 1412 1059 1426 ·
1072 1396 1153 1462 κατὰ
1168 1397 1205 1460 δὲ
1226 1395 1414 1475 Δημόκρι-

272 1519 338 1565 τον
362 1498 588 1583 εὐσχημοσύνῃ
615 1513 621 1526 ·
644 1497 725 1561 κατὰ
747 1498 783 1562 δὲ
804 1497 895 1576 τοὺς
918 1495 1065 1577 ἄλλους
1089 1483 1176 1576 μέρει
1199 1496 1258 1561 τινὶ
1280 1498 1338 1561 τοῦ
1360 1516 1414 1560 κα-

273 1602 354 1664 λοῦ·
381 1601 401 1678 ἢ
423 1605 461 1683 τῇ
485 1597 645 1682 ἀοχλησίᾳ
678 1597 745 1662 καθ’
767 1589 1000 1677 Ἱερώνυμον
1020 1598 1040 1676 ἢ
1063 1595 1175 1676 ἄλλοις
1196 1597 1261 1663 τισὶ
1282 1596 1415 1676 τρόποις

272 1703 435 1778 διαγωγῆς
456 1700 494 1764 τὸ
516 1699 644 1779 αἱρετὸν
667 1698 806 1779 ἔχοντες,
838 1697 894 1779 ἀφ’
919 1697 966 1764 ὧν
999 1698 1133 1764 οἱκατὰ
1155 1699 1253 1778 μέρος
1275 1697 1414 1778 φύονται

273 1799 333 1880 βίοι
356 1799 481 1879 ἄπειροι
503 1799 576 1879 περὶ
600 1799 658 1877 τὴν
688 1799 816 1875 γένεσιν
837 1799 1062 1882 διαιρούμενοι,
1089 1800 1162 1880 περὶ
1183 1797 1230 1864 ὧν
1253 1798 1349 1864 οὐδὲν
1368 1801 1416 1864 δεῖ

271 1905 566 1982 πολυπραγμονεῖν,
596 1899 665 1965 ἀλλ’
698 1898 745 1980 εἰς
768 1899 806 1963 τὸ
839 1898 973 1980 ἄπειρον
1006 1900 1126 1979 αὐτοὺς
1149 1900 1316 1980 μεθιέντας
1348 1899 1415 1980 χαί·

273 2022 340 2082 ρειν
362 1993 440 2069 ἐᾶν.)

372 2106 522 2165 Videmus
554 2106 734 2164 divisionem
755 2105 836 2163 illam
858 2105 1025 2164 adhibitam
1040 2123 1117 2182 esse,
1141 2115 1176 2164 ut
1189 2107 1417 2165 demonstretur

274 2225 373 2284 aeque
396 2226 433 2266 ac
455 2209 497 2269 de
520 2225 638 2266 summo
660 2207 743 2264 hono
759 2208 800 2265 de
816 2208 1034 2265 communitate
1052 2207 1144 2265 animi
1166 2215 1197 2266 et
1218 2207 1271 2266 dei
1292 2215 1416 2265 senten·

274 2310 332 2368 tias
352 2309 604 2385 philosophorum
631 2309 730 2366 varias
764 2307 867 2370 luisse.
912 2307 1022 2366 Schola
1045 2308 1212 2377 Platonica,
1245 2316 1279 2365 ut
1301 2309 1416 2367 fecerat

273 2411 386 2488 primus
419 2411 598 2486 Antiochus,
627 2411 659 2467 in
680 2411 758 2466 duas
779 2418 882 2486 partes
917 2410 1016 2467 divisa
1046 2419 1102 2470 est.
1140 2409 1261 2468 Scilicet
1283 2409 1416 2487 Sceptici

275 2521 345 2570 sunt
367 2513 498 2590 peiores.
532 2542 566 2555 -
597 2511 764 2569 Democriti
786 2510 966 2569 definitione
999 2511 1188 2572 offendimur.
1232 2511 1319 2570 Haec
1349 2511 1415 2568 aliis
1506 2559 1507 2565 ,

274 2613 347 2672 locis
377 2631 498 2690 semper
530 2608 661 2688 εὐθυμία
698 2613 761 2670 sive
792 2608 914 2672 εὐεστὼ
938 2613 1116 2688 appellatur.
1161 2612 1231 2670 Sive
1262 2612 1414 2687 scriptoris

274 2716 336 2772 sive
358 2715 567 2791 epitomatoris
590 2715 679 2790 culpa
699 2731 748 2771 res
771 2713 953 2789 pertubatae
980 2731 1049 2771 esse
1078 2714 1230 2771 videntur.
1269 2713 1414 2770 Fortasse

273 2815 441 2874 Democriti
464 2815 597 2874 definitio
619 2823 738 2872 mutata
760 2823 808 2872 est
828 2831 899 2872 cum
918 2815 1105 2892 Leucippea‚
1135 2816 1176 2872 de
1198 2831 1260 2890 qua
1274 2814 1415 2883 diximus,

272 2918 324 2976 ubi
346 2915 511 2976 Clementis
534 2916 731 2975 Alexandrini
753 2915 854 2974 locum
875 2916 1070 2974 tractavimus
1104 2909 1157 2992 [cf.
1180 2933 1210 2990 p.
1233 2910 1288 2992 30]
1296 2911 1318 2972 2.

373 3017 549 3075 Laclantius
579 3017 650 3074 novi
671 3017 743 3075 nihil
769 3016 833 3074 fere
859 3017 953 3076 affert.
982 3017 1038 3086 Ea,
1060 3034 1139 3092 quae
1162 3015 1203 3074 ad
1228 3017 1417 3091 propositum

273 3119 435 3194 pertinent,
459 3136 476 3174 a
498 3117 645 3176 Romanis
668 3117 856 3193 philosophis
878 3118 1046 3193 sumpsisse
1061 3117 1189 3177 videtur.
1219 3115 1339 3174 Tabula
1361 3117 1417 3174 ad·

274 3219 368 3277 hibita
401 3227 448 3278 est
483 3219 541 3279 div.
574 3217 708 3278 institi
732 3232 757 3293 7.
791 3216 1005 3276 Nominantur:
1040 3219 1201 3294 Epicurus,
1236 3217 1416 3292 Aristippus,

275 3319 423 3395 Callipho,
447 3318 664 3388 Dinomachus
687 3316 855 3393 Cyrenaici,
873 3317 1039 3388 Diodorus,
1055 3319 1270 3393 Hieronymus,
1295 3316 1417 3393 Peripa-

273 3421 367 3492 tetici,
392 3420 512 3489 Erillus,
535 3421 631 3489 Zeno,
660 3419 764 3489 Stoici,
793 3420 982 3478 Aristoteles.
1027 3420 1108 3478 Tum
1140 3419 1333 3478 definitiones
1355 3417 1417 3475 Eu-

274 3523 361 3582 clidis
384 3529 416 3578 et
436 3521 574 3580 Senecae
597 3531 873 3580 commemorantur
896 3521 1012 3580 11112:
1032 3509 1159 3578 ‘Merito
1184 3537 1258 3595 ergo
1283 3518 1417 3594 philoso-

274 3624 401 3700 phorum
423 3640 486 3680 non
506 3623 651 3680 obscurus
673 3623 829 3690 Euclides,
863 3623 913 3697 qui
948 3623 1005 3679 iuit
1027 3622 1170 3680 conditor
1193 3621 1418 3697 Megaricorum

275 3724 461 3801 disciplinae,
496 3723 681 3781 dissentiens
704 3741 723 3780 a
748 3725 864 3793 ceteris,
887 3725 919 3781 id
942 3741 1012 3781 esse
1027 3740 1179 3780 summum
1200 3723 1315 3778 bonum
1330 3719 1416 3789 dixit,

275 3826 358 3901 quod
380 3824 475 3883 simile
496 3825 535 3882 sit
556 3832 588 3883 et
609 3824 692 3882 idem
708 3841 835 3900 semper.
865 3823 1016 3882 intellexit
1036 3823 1183 3898 proiecto,
1207 3839 1287 3897 quae
1308 3821 1346 3878 sit
1363 3839 1418 3880 na·

274 3935 342 3984 tura
365 3928 473 3985 summi
489 3926 571 3996 boni,
593 3927 663 3984 licet
683 3927 715 3984 id
730 3943 796 3984 non
811 3927 1006 4003 explicaverit
1028 3925 1102 4002 quid
1118 3923 1172 3984 sit:
1193 3925 1226 3980 id
1248 3931 1295 3981 est
1317 3931 1418 3980 autem

275 4026 495 4097 immortalitas,
517 4046 576 4085 nec
597 4027 680 4084 aliud
700 4027 824 4085 omnino
855 4027 1031 4102 quidquam,
1064 4027 1134 4100 quia
1156 4024 1223 4081 sola
1243 4041 1301 4082 nec
1321 4023 1418 4081 immi·

380 4289 390 4329 ¹
409 4293 546 4344 Meineke=
565 4293 781 4361 προτιμώμενοι,
800 4293 873 4359 quod
893 4294 1003 4346 correxi.

378 4379 390 4417 2
407 4381 525 4432 Tabulae
546 4382 641 4432 divisio
655 4382 733 4431 etiam
750 4383 839 4432 inesse
853 4382 957 4431 videtur
974 4383 1003 4431 in
1019 4378 1153 4450 (Pseud.)
1167 4380 1303 4446 Archytae
1322 4379 1417 4446 Pytha·

274 4471 347 4534 gorei
366 4470 397 4524 ἐκ
417 4475 468 4522 τού
487 4470 558 4537 Περὶ
584 4470 759 4533 παιδεύσεως
786 4469 885 4535 ἠθικῆς
912 4467 1015 4536 [fragm.
1036 4471 1060 4529 8,
1080 4470 1144 4534 phil.
1162 4471 1191 4518 11
1208 4487 1233 4536 p.
1257 4480 1305 4517 120
1325 4467 1415 4528 Mull.;

274 4559 349 4610 Stob.
369 4559 426 4610 Ecl.
446 4559 474 4607 11
491 4574 516 4624 p.
538 4570 624 4622 232,2
644 4557 710 4624 W.].
1145 4583 1148 4588 ·
