3566 5406
636 1408 902 1470 SENTENTIAE
925 1412 1263 1472 CONTROVERSAE

483 1822 590 1880 Galen.
612 1824 680 1883 hist.
703 1826 774 1900 phil.
797 1844 821 1886 c
849 1826 884 1883 16
906 1718 1015 1901 (DIieis,
1041 1829 1169 1902 doxogr
1191 1822 1308 1903 p609)
1331 1825 1528 1882 scribendum

382 1943 443 1992 est:
469 1929 611 2006 “άγαθὸν
634 1934 669 1996 δὲ
692 1937 791 1997 πᾶσιν
815 1931 998 2012 ἀνθρώποις
1024 1935 1082 1997 τὸν
1105 1934 1181 1997 θεὸν
1209 1934 1366 1996 διατελεῖν
1387 1929 1527 1994 Πλάτων

382 2039 559 2118 ὑπείληφεν
582 2041 633 2104 καὶ
654 2041 784 2106 πάντων
806 2043 989 2121 συλλήβδην
1015 2046 1080 2106 τῶν
1107 2043 1188 2105 κατὰ
1214 2041 1271 2105 τὸν
1300 2041 1368 2119 βίον
1399 2042 1527 2102 κακῶν

382 2147 527 2224 ἀγαθὸν
556 2149 616 2212 οὐκ
642 2149 766 2214 αίτιον
795 2151 984 2228 νενόμικεν.
1014 2157 1106 2213 codd
1130 2155 1158 2211 A
1184 2149 1395 2228 καθηγητικόν
1427 2149 1528 2211 Βκα-

382 2259 522 2336 θηγητὴν
545 2265 669 2320 tradunt
690 2282 744 2338 pro
769 2265 876 2325 κακῶν
900 2261 1023 2336 ἀγαθὸν
1048 2273 1078 2322 et
1101 2259 1201 2324 ἄλλον
1221 2282 1275 2338 pro
1298 2258 1410 2322 αἴτιον
1433 2263 1527 2334 καθη-

381 2367 510 2444 γητικὸν
533 2369 641 2431 καλῶν
665 2372 795 2428 coniecit
816 2371 959 2446 Bernays.

937 2531 965 2587 II

481 2638 528 2696 Ib.
556 2656 581 2695 c
617 2652 650 2711 17
679 2632 721 2712 (p
748 2636 825 2707 άιο)
855 2639 968 2698 scribo:
999 2633 1158 2699 Πλάτων
1191 2637 1227 2699 δὲ
1257 2636 1309 2698 καὶ
1338 2636 1398 2712 τὰς
1433 2633 1522 2712 ἰδέας

381 2737 562 2821 εἰσήγαγεν
598 2740 685 2820 αἶς
674 2758 728 2806 ισα
751 2744 807 2820 μὲν
835 2741 1083 2822 ἀπεργάσασθαι
1112 2741 1270 2807 δύναται
1294 2743 1462 2819 εἰσάγουσι
1491 2745 1527 2806 δὲ

379 2853 432 2915 καὶ
453 2852 511 2929 τὴν
536 2850 653 2916 ἄποιον
675 2851 762 2931 ὕλην,
792 2851 866 2915 ὅσοι
889 2852 949 2915 οὐκ
980 2852 1019 2916 ἂν
1040 2851 1097 2915 ίσα
1120 2853 1159 2915 τά
1181 2857 1250 2915 καθ’
1271 2852 1393 2915 ἕκαστα
1413 2867 1526 2916 συντε-

379 2963 502 3024 λεῖσθαι
526 2959 681 3038 διδόασιν,
709 2959 791 3024 ἀλλὰ
811 2961 1000 3038 προνοίας
1022 2960 1073 3024 ὑπ’
1096 2960 1195 3038 αὐτῆς
1216 2961 1257 3024 τὰ
1279 2959 1526 3037 ἀποτελέσματα

379 3069 545 3145 γίγνεσθαι
553 3067 569 3131 '.

480 3183 522 3242 Α;
544 3177 664 3258 ταύτης
685 3200 720 3243 τε
742 3178 793 3244 ὑπ’
818 3180 927 3259 αὐτῆς.
972 3184 1010 3244 Β;
1033 3180 1135 3243 ταῦτά
1157 3200 1193 3243 τε
1213 3177 1266 3242 ὑπ’
1289 3178 1398 3242 αὐτοῦ.

924 3342 968 3399 III

479 3449 558 3507 Plut.
581 3452 652 3524 epit.
677 3449 705 3506 V
721 3467 759 3524 24
781 3445 879 3530 (Diels
901 3470 931 3526 p.
946 3445 1022 3529 436)
1043 3453 1074 3508 ίιι
1096 3452 1193 3508 verbis
1213 3444 1282 3510 (ἐπὶ
1303 3448 1362 3523 τῆς
1382 3443 1457 3523 γῆς’
1479 3449 1525 3505 in-

381 3568 429 3617 est
452 3553 651 3635 Ἐπίκουρος.

896 3747 898 3751 ·
923 3721 980 3778 ΙΙΠ

483 3828 546 3888 Cic.
571 3831 610 3885 de
632 3830 681 3889 fin.
705 3829 733 3884 V
756 3828 809 3904 96:
833 3824 941 3902 ‘Quae
964 3832 1046 3888 enim
1069 3831 1130 3888 dici
1151 3831 1259 3888 Latine
1281 3845 1373 3903 posse
1394 3846 1459 3885 non
1479 3843 1526 3882 ar-

380 3938 524 4007 bitrabar,
551 3955 589 3995 ea
610 3939 692 3996 dicta
714 3947 785 3996 sunt
807 3957 826 3996 a
847 3946 887 4010 te,
911 3955 970 3996 nec
993 3941 1092 3995 minus
1113 3939 1214 4013 plane,
1239 3955 1332 4014 quam
1351 3938 1494 3993 dicuntur
1508 3952 1527 3989 a

382 4045 519 4117 GraeciS‚
543 4048 641 4104 verbis
663 4045 756 4122 aptis’
780 4067 843 4104 non
864 4049 1014 4105 mutanda
1036 4056 1106 4105 sunt
1129 4048 1186 4104 sed
1208 4047 1399 4122 explicanda.

938 4207 967 4262 V

483 4315 622 4374 Senecae
644 4317 730 4392 epist.
754 4316 804 4385 88,
826 4331 865 4392 37
889 4317 1085 4374 scribendum
1109 4326 1171 4374 est:
1199 4310 1248 4374 ‘in
1269 4317 1315 4374 his
1338 4335 1377 4374 an
1401 4315 1526 4391 Sappho

380 4429 525 4503 pudica
548 4413 652 4484 fuerit’
674 4444 729 4502 pro
753 4419 914 4501 ‘publica’‚
947 4443 1026 4500 quae
1048 4443 1107 4483 vox
1129 4427 1292 4502 Augustini
1321 4445 1410 4487 serm.
1433 4441 1463 4500 9,
1490 4441 1527 4498 14

381 4555 445 4595 non
467 4537 653 4596 defenditur.
