3566 5406
703 547 911 607 ..23-

235 709 383 760 actionibus
407 712 489 759 tertia
504 747 510 760 .
524 713 584 776 pri·
636 729 701 779 quos
723 712 816 763 Gracci
839 711 915 778 πάθη
938 730 984 764 no·
1033 715 1078 766 rut
1090 713 1152 768 οἷον
1163 713 1297 782 ἐπίκρισις
1310 715 1381 770 κατὰ

234 813 306 846 mum
317 797 387 846 enim
398 803 446 857 est,
457 798 584 864 utquanti
635 802 741 862 minant,
755 802 983 868 appetitionesque
1031 803 1082 856 τὸν
1106 805 1169 872 περὶ
1192 805 1280 858 αὐτοῦ
1307 807 1381 869 λογι-

235 886 351 952 quidque
367 886 400 936 sit
417 885 527 946 indices,
546 903 584 936 se·
635 905 700 955 quas
723 890 764 940 illi
786 889 882 957 ὁρμάς,
906 891 984 940 oboe·
1032 891 1112 956 σμὸν.
1131 893 1381 962 δεύτερονὸἑτὸ

235 977 353 1023 cundum
369 979 397 1023 ιιι
409 974 535 1039 impetum
551 974 584 1022 ad
636 979 738 1032 dientes
757 979 862 1030 efficere
881 979 984 1045 rationi,
1031 981 1085 1046 τὴν
1102 981 1242 1051 ὁρμὴντῷ
1255 999 1382 1052 περινοη·

233 1061 281 1111 illa
314 1063 401 1128 capias
437 1062 584 1112 ordinatum
637 1071 746 1118 tertium
765 1068 805 1127 iis,
829 1067 984 1133 quibuscum
1032 1069 1108 1123 θέντι
1120 1074 1213 1134 καλῶς
1225 1071 1381 1137 ἐπιβαλεῖν·

234 1155 475 1216 temperatumque,
510 1153 584 1199 terti·
636 1173 837 1220 congregemur,
865 1155 905 1205 uti
932 1171 985 1204 mo·
1033 1157 1381 1227 [cs.p.5oH.44,3W.T00

235 1253 289 1304 um,
317 1244 345 1287 ut
369 1239 438 1288 inter
460 1237 584 1302 impetum
636 1245 726 1295 derata
740 1253 765 1295 et
779 1247 902 1306 scienter,
921 1263 985 1312 quo·
1033 1247 1063 1300 δέ
1080 1251 1143 1314 περὶ
1163 1251 1214 1315 τῆς
1231 1249 1320 1317 ὁρμῆς
1336 1249 1382 1303 λὸ·

234 1331 308 1376 tuum
326 1326 508 1391 actionemque
522 1340 585 1375 con·
635 1351 691 1384 rum
720 1333 814 1384 studiis
845 1349 889 1394 ea,
917 1349 985 1399 quae
1032 1352 1085 1400 γον
1113 1338 1129 1390 ὁ
1157 1337 1207 1402 μέν
1234 1338 1294 1391 ἐστι
1319 1339 1383 1406 περὶ

235 1413 330 1479 veniat,
358 1420 387 1464 ut
408 1414 436 1464 in
461 1413 582 1464 omnibus
635 1423 986 1488 naturadesiderat,expleta
1032 1429 1083 1492 τῆς
1110 1424 1213 1491 εἰδικῆς
1239 1427 1335 1493 ὁρμῆς,
1365 1429 1382 1481 ὁ

236 1499 296 1550 satis
322 1501 370 1552 tibi
394 1503 451 1568 ipse
475 1517 583 1552 consen·
635 1511 817 1578 cumulataque
849 1511 985 1572 habemus,
1033 1515 1064 1568 δὲ
1083 1516 1146 1582 περὶ
1168 1515 1290 1582 naemu}
1311 1514 1382 1582 τρί-

236 1588 292 1642 fias·
312 1595 360 1641 etc·
634 1616 682 1666 per
696 1600 867 1666 eosdemque,
887 1600 986 1666 siquid
1033 1619 1093 1657 τον
1112 1603 1146 1657 τὸ
1158 1604 1211 1669 τὴν
1223 1607 1321 1672 πρᾶξιν
1334 1606 1383 1659 αὐ.

634 1689 788 1755 importetur
801 1689 986 1739 nobisiucom·
1033 1697 1093 1756 τοῖς
1111 1691 1290 1760 ἐπισυνάψαι,

635 1778 715 1837 modi,
739 1777 922 1844 propulsemus
947 1775 986 1826 ul·

636 1867 812 1932 ciscamurque
844 1880 904 1925 eos,
941 1865 986 1931 qui

635 1971 730 2006 nocere
736 1954 812 2005 nobis
825 1953 910 2003 conati
918 1959 986 2020 sunt,

636 2050 760 2109 tantaque
779 2058 864 2109 poena
881 2041 986 2092 adficia-

635 2148 700 2192 mus,
729 2137 851 2198 quantam
870 2131 987 2196 aequitas

636 2221 836 2286 humanitasque
854 2219 959 2285 patitur.

338 2389 489 2446 Videmus
512 2389 568 2446 tria
594 2405 708 2464 genera
729 2387 845 2444 virtutis
873 2386 1030 2462 aptissime
1057 2387 1161 2444 referri
1185 2391 1226 2446 ad
1252 2391 1382 2465 triparti-

236 2499 297 2549 tam
321 2491 463 2558 ethicam,
486 2489 685 2566 quodetiam
707 2488 805 2564 magis
828 2496 964 2564 apparet,
1001 2488 1026 2545 si
1048 2488 1079 2545 in
1102 2491 1203 2548 animo
1223 2490 1381 2561 habemus,

236 2609 316 2668 quae
339 2591 450 2648 inillis
475 2591 598 2666 singulis
619 2591 756 2665 partibus
779 2596 926 2647 contenta
950 2597 1020 2646 sunt
1050 2584 1102 2666 [cf.
1125 2590 1240 2647 Eudori
1261 2590 1382 2647 divisio-

234 2710 306 2749 nem
328 2693 411 2767 apud
434 2693 516 2751 Stob.
539 2692 557 2750 l.
573 2686 624 2770 e.].
647 2720 686 2732 -
709 2689 845 2748 Virtutes
878 2689 968 2766 igitur
1001 2691 1227 2766 distinguuntur
1256 2687 1276 2765 ἡ
1304 2692 1383 2752 θεω·

236 2788 355 2868 ρητική,
389 2789 409 2867 ἡ
439 2787 559 2870 ἠθικήῙ,
593 2787 612 2866 ἡ
638 2787 802 2868 πρακτική.
845 2791 956 2867 Aquo
990 2788 1193 2868 philosopho?
1224 2791 1325 2850 Hirzel
1352 2793 1383 2850 ΙΙ

235 2913 265 2970 p.
285 2893 346 2970 498
363 2913 407 2970 sq.
428 2894 577 2969 probavit,
602 2892 782 2952 Panaetium
805 2891 857 2964 [cf.
881 2892 972 2968 Diog.
997 2893 1100 2952 Laert.
1123 2893 1304 2968 V11921et
1326 2893 1385 2951 Po·

238 2995 391 3054 sidonium
412 2995 444 3052 in
475 2995 537 3052 duo
560 3012 676 3070 genera
703 2994 842 3051 virtutem
869 2994 998 3069 partitos
1022 3011 1092 3051 esse
1115 2994 1156 3050 ita
1185 3003 1218 3052 ut
1241 2995 1384 3052 theoreti-

238 3114 294 3155 cae
325 3094 480 3172 practicen
513 3101 714 3170 opponerent.
765 3094 829 3152 Sed
865 3112 906 3151 ne
935 3094 1023 3152 nimis
1055 3094 1145 3169 longe
1180 3114 1198 3153 a
1225 3096 1384 3171 proposito

241 3199 388 3266 aberrem,
414 3197 447 3255 id
468 3206 587 3254 tantum
601 3197 752 3254 adnotare
775 3196 854 3265 volo,
880 3196 991 3253 rudera
1014 3196 1166 3271 quaedam
1191 3196 1310 3254 ethicae
1332 3215 1386 3255 eo·

240 3299 312 3356 dem
342 3299 437 3355 modo
470 3298 501 3355 in
535 3306 596 3355 tres
629 3305 731 3372 partes
760 3297 877 3354 divisae
910 3297 1036 3354 inveniri
1071 3298 1102 3354 in
1125 3296 1188 3357 Cic.
1213 3297 1323 3357 defin.
1347 3297 1385 3377 V,

239 3398 376 3474 quamvis
398 3398 486 3456 huius
514 3398 580 3456 libri
602 3398 763 3474 dispositio
790 3399 967 3472 perturbata
990 3399 1035 3456 sit.
1083 3396 1153 3455 Hae
1175 3405 1279 3473 partes
1310 3416 1384 3474 qua·

240 3499 331 3556 draut
352 3499 394 3556 ad
413 3499 527 3556 Eudori
548 3493 752 3573 θεωρητικὸν,
780 3493 960 3572 ὁρμητικὸν,
989 3493 1175 3574 πρακτικόν.
1220 3498 1320 3556 Prima
1340 3499 1385 3556 in·

239 3600 347 3675 cipitur
377 3597 455 3676 §aa
505 3599 679 3676 Explicatur
706 3600 882 3656 constitutio
910 3607 1048 3668 naturae,
1081 3599 1113 3655 id
1141 3607 1189 3656 est
1219 3599 1263 3656 vis
1289 3600 1386 3675 provi·

240 3701 373 3777 dentiae,
408 3719 427 3758 a
450 3718 511 3775 qua
531 3700 625 3758 homo
657 3701 771 3775 optime
802 3699 957 3757 institutus
981 3717 1152 3776 omnesque
1186 3699 1228 3756 ad
1261 3701 1386 3760 virtutes

238 3808 362 3878 paratus
385 3810 441 3859 est.
485 3801 604 3859 Eadem
637 3801 829 3877 providentia
857 3819 926 3859 cum
947 3800 1129 3858 animalibus
1157 3809 1188 3858 et
1211 3809 1328 3858 motum
1351 3819 1385 3860 se

236 3901 336 3976 ipsum
365 3902 513 3976 diligendi
539 3911 571 3960 et
598 3903 819 3978 appetitionem
846 3902 961 3970 salutis,
998 3902 1100 3958 idest
1133 3901 1267 3959 studium
1298 3919 1331 3959 se
1354 3910 1385 3960 et

240 4010 343 4079 partes
364 4019 436 4060 suas
458 4002 576 4078 integra
598 4011 628 4060 et
651 4004 733 4060 salva
755 4003 958 4060 conservandi
982 4001 1144 4060 inseruisse
1168 4002 1297 4070 dicatur,
1320 4002 1385 4060 sine

239 4103 333 4162 dubio
355 4104 404 4162 illa
423 4109 472 4161 est
493 4099 631 4179 πρόνοια
653 4099 825 4180 σωτηρίας,
856 4121 948 4179 quam
970 4103 1106 4178 appellat
1129 4102 1218 4161 Arius
1239 4101 1311 4160 Did.
1335 4121 1383 4179 ap.

334 4297 405 4354 ¹Cl.
429 4301 524 4352 Arium
543 4301 649 4368 Didym.
669 4318 709 4368 ap.
730 4301 806 4353 Stob.
826 4303 855 4350 Π
874 4301 907 4365 38
920 4303 956 4354 H.
978 4303 1138 4365 39,11W.:
1162 4299 1256 4366 Ἠθικὴ
1282 4299 1386 4354 δ’ἐστὶν

234 4389 321 4457 ἁρετὴ
350 4388 471 4454 μεσότης
489 4391 598 4455 παθῶν,
621 4389 639 4453 ἤ
660 4389 712 4452 ἕξις
731 4386 865 4456 ὁρίζουσα
891 4392 943 4441 τοῦ
962 4388 1071 4452 πάθους
1093 4389 1145 4454 τὴν
1164 4388 1322 4456 ὑπερβολὴν
1341 4389 1387 4440 και

239 4477 293 4542 τὴν
318 4477 441 4543 ἔλλειψιν
465 4480 505 4544 τῷ
531 4480 583 4543 τῆς
610 4476 780 4544 φρονήσεως
803 4477 900 4546 λόγῳ’
919 4477 937 4542 ἢ
958 4477 1011 4541 ἕξις
1033 4477 1213 4545 προαιρετικὴ
1232 4481 1284 4531 τοῦ
1304 4479 1389 4532 καλοῦ

240 4568 303 4632 περὶ
321 4565 425 4633 ἡδονὰς
444 4567 489 4620 καὶ
506 4565 605 4632 λύπας.
