3566 5406
865 511 1067 572 ..30-

395 698 513 738 στωνα
531 682 708 749 καταλέγοιμ’
728 681 774 746 ἀν;
793 681 873 744 τέλος
893 678 939 734 ού-
991 676 1179 745 ἀπαραβάτως
1214 676 1285 744 πρὸς
1318 676 1352 732 τὸ
1386 677 1535 745 τυγχάνειν

394 789 443 838 τος
462 774 533 828 είναι
551 772 604 839 τὴν
628 768 796 838 ἀδιαφορίαν
815 770 880 836 ἔφη,
906 769 940 823 τὸ
991 769 1051 820 τῶν
1069 765 1293 834 προηγουμένων
1313 767 1385 821 κατὰ
1403 767 1509 834 φύσιν’.

394 863 425 916 δὲ
460 861 616 929 ἀδιάφορον
651 861 747 925 ἁπλῶς
783 859 940 927 ἀδιάφορον
1493 850 1496 858 ’

393 948 538 1005 ἀπολείπει
552 949 589 1015 ,ἢ
608 949 644 1003 τά
661 948 816 1018 Ἡρίλλου
836 947 875 1014 είς
894 948 940 1015 μέ-

393 1051 445 1092 σον
463 1037 613 1106 παράγοιμ’
633 1039 680 1102 ἄν;
698 1036 806 1093 τὸκατ’
826 1037 940 1105 έπιστὴ-

393 1142 448 1193 μην
466 1128 517 1191 Ζῆν
535 1126 617 1190 τέλος
630 1127 702 1181 είναι
721 1125 831 1193 τίθησιν
848 1127 940 1194 Ἥριλ-

391 1217 455 1278 λος,
475 1216 557 1279 τούς
577 1215 631 1283 γὰρ
656 1215 693 1268 ἐκ
715 1219 778 1282 της
796 1215 940 1282 Ἀκαδη-

392 1302 468 1370 μίας
497 1304 691 1372 νεωτέρους
725 1301 833 1358 ἀξιούσί
866 1317 941 1365 τινες

390 1392 472 1456 τέλος
486 1391 652 1446 ἀποδιδόναι
669 1392 722 1458 τὴν
741 1390 856 1458 ἀσφαλῆ
869 1390 941 1459 πρὸς

391 1481 442 1546 τὰς
471 1480 629 1549 φαντασίας
662 1479 779 1546 ἀποχὴν.
807 1480 853 1533 ναί
885 1479 942 1546 μὴν

391 1566 531 1624 Λύκων1
550 1569 566 1623 δ
579 1570 800 1638 περιπατητικὸς
808 1569 862 1635 τὴν
872 1568 940 1636 ἀλη·

390 1660 470 1726 θινὴν
489 1658 578 1726 χαράν
597 1661 648 1725 τῆς
666 1663 763 1727 ψυχῆς
781 1658 861 1723 τέλος
880 1658 938 1712 ἔλε-

390 1764 439 1813 γεν
468 1750 554 1814 εῖναι,
583 1746 623 1811 ῶς
645 1743 863 1811 Λεύκιππος2
887 1749 940 1814 τὴν

390 1837 436 1890 έπί
463 1841 522 1902 τοῖς
549 1841 650 1901 καλοῖς.
689 1836 882 1905 Κριτόλαος
909 1837 940 1890 δὲ

392 1924 409 1978 δ
430 1926 476 1979 καί
494 1925 580 1991 αὐτὸς
598 1926 820 1995 περιπατητικὸς
837 1925 940 1980 τελειδ-

390 2028 464 2080 τητα
487 2014 582 2080 ἔλεγεν
605 2015 678 2069 κατὰ
703 2016 789 2082 φύσιν
810 2015 940 2083 εύροούν-

393 2118 442 2167 τος
461 2100 530 2170 βίου,
550 2103 603 2171 τὴν
622 2103 653 2158 ἐκ
671 2108 729 2158 τῶν
743 2106 829 2173 τριῶν
848 2105 940 2167 γενῶν

393 2191 646 2259 συμπληρουμένην
683 2187 862 2261 τριγενικὴν3
896 2206 939 2244 τε-

391 2280 523 2347 λειάιητα
542 2281 667 2348 μηνύων.

427 2383 517 2454 §13o
548 2386 659 2441 Ούκουν
684 2387 729 2440 ἐπί
753 2387 867 2450 τούτοις
892 2385 939 2453 ἀρ-

390 2473 537 2540 κουμένοις
569 2475 799 2540 καταπαυστέον,
832 2477 938 2542 φιλοτι-

390 2563 494 2632 μητέον
519 2565 608 2629 δὲὼς
630 2565 671 2618 ἔνι
695 2563 813 2629 μάλιστα
837 2564 883 2616 καί
902 2564 938 2618 τά

389 2653 460 2719 πρὸς
477 2655 535 2706 τῶν
564 2658 694 2719 φυσικῶν
715 2652 938 2717 δογματιζόμενα

389 2742 453 2806 περί
470 2746 523 2794 τού
550 2743 734 2809 προκειμένου
753 2741 934 2808 παραθέσθαι.
1445 2761 1446 2764 ’

389 2827 619 2898 Ἀναξαγόραν
644 2832 694 2897 μὲν
720 2830 774 2896 γὰρ
797 2830 848 2883 τὸν
869 2830 936 2882 Κλα-
1023 2829 1126 2882 Theod.
1146 2827 1191 2898 §8
1210 2839 1264 2895 ¹17.
1289 2829 1534 2899 1Ἀναξαγόρας

390 2916 519 2983 Ζομένιον
548 2919 601 2984 τὴν
626 2918 749 2986 θεωρίαν
770 2917 858 2984 φάναι
883 2921 935 2970 τού
987 2919 1019 2971 δέ
1037 2917 1257 2984 δΚλαζομένιος,
1275 2919 1329 2984 τὴν
1346 2916 1466 2986 θεωρίαν
1480 2924 1532 2974 τού

390 3002 451 3070 βίου
470 3004 550 3070 τέλος
569 3009 641 3061 εἶναι
660 3009 705 3060 καί
723 3007 776 3073 τὴν
795 3006 851 3060 ἀπὸ
869 3007 935 3058 ταύ·
988 3004 1057 3073 βίου,
1085 3007 1131 3060 καί
1148 3006 1201 3071 τὴν
1225 3007 1281 3060 ἀπὸ
1300 3007 1405 3072 ταύτης
1425 3007 1533 3062 ἐλευθε-

388 3107 440 3157 της
458 3093 616 3164 ἐλευθερίαν
635 3097 772 3161 λέγουσιν,
961 3067 964 3118 ¹
985 3092 1065 3160 ρίαν·
1085 3095 1237 3164 φιλοσόφῳ
1257 3094 1291 3160 δὴ
1311 3095 1457 3164 πρέποντα
1476 3097 1533 3164 ὁρι·

986 3182 1107 3248 σάμενος
1125 3183 1201 3250 ὅρον,
1239 3182 1382 3246 Μέγιστον
1395 3184 1449 3250 γάρ
1467 3185 1534 3251 ἀλη-

392 3326 588 3334 ψ...-

488 3397 499 3437 ¹
518 3401 561 3451 Sic
580 3401 667 3451 scribo
687 3417 734 3466 pro
750 3399 840 3464 Λύκος
859 3417 917 3451 cum
933 3401 1038 3452 Zellero
1057 3398 1097 3468 [Π
1111 3413 1136 3460 2,
1155 3411 1259 3463 901,1;
1278 3397 1351 3466 922].

487 3488 584 3542 2(Ξοιί.
605 3498 631 3542 et
650 3492 710 3544 edd.
738 3492 866 3558 praebent
888 3493 1030 3558 Λεύκιμος.
1048 3521 1079 3528 -
1094 3492 1164 3556 Quid
1176 3492 1327 3556 Leucippus
1345 3491 1473 3559 docuerit,
1498 3492 1536 3542 in-

388 3579 481 3643 tellegi
508 3587 596 3646 potest
615 3597 647 3630 ex
665 3582 734 3630 Max.
754 3582 815 3645 Tyr.
834 3581 919 3630 XVII
935 3592 958 3646 5,
988 3581 1033 3629 ubi
1057 3580 1150 3630 atheus
1175 3594 1228 3629 uon
1260 3593 1318 3628 esse
1346 3578 1440 3628 diceris
1469 3575 1537 3632 ’κάν

389 3666 496 3736 ἀφέλης
523 3667 610 3720 αύτοθ
631 3665 677 3735 (sc.
700 3671 751 3720 τού
775 3665 865 3735 θείου)
892 3668 927 3720 τὸ
946 3669 1053 3734 ἀγαθὸν
1072 3668 1111 3732 ῶς
1139 3666 1315 3730 Λεύκιππος·
1333 3665 1386 3718 κάν
1408 3669 1537 3734 προσθῇς

387 3754 421 3809 τὸ
442 3755 583 3820 ὁμοπαθές
603 3755 642 3818 ῶς
660 3755 840 3823 Δημόκριτος
859 3772 882 3808 κ.
901 3773 926 3808 τ.
948 3755 993 3810 λ.’.
1031 3756 1060 3806 Si
1079 3756 1231 3820 Leucippus
1258 3753 1291 3802 de
1311 3753 1401 3803 divino
1419 3754 1453 3806 τδ
1472 3752 1537 3819 ἀγα·

388 3843 439 3897 θὸν
458 3844 609 3909 dempserit,
636 3843 699 3909 quid
719 3843 856 3909 reliquerit
883 3845 934 3894 nisi
950 3844 984 3897 τὸ
1003 3841 1108 3896 καλδνί
1136 3845 1196 3892 Ηοσ
1222 3841 1309 3892 solum
1338 3842 1442 3891 videtur
1465 3842 1535 3893 illius

389 3947 517 3982 summum
535 3932 644 3992 bonum,
669 3932 697 3982 id
717 3940 757 3982 est
776 3932 864 3996 τέλος,
886 3934 975 3985 luisse.
1012 3934 1102 3997 Atque
1122 3931 1175 3981 iam
1199 3929 1377 3993 intellegimus
1395 3930 1535 3980 Iamblichi

388 4020 407 4070 l.
421 4036 443 4072 c.
454 4037 479 4086 p.
493 4032 536 4084 41,
555 4021 601 4070 ubi
619 4021 647 4069 in
665 4021 821 4071 brevissima
839 4021 953 4086 epitoma
965 4020 1155 4071 Abderitarum
1176 4017 1343 4068 definitiones
1362 4018 1456 4068 mixtae
1475 4034 1535 4068 esse

388 4108 515 4158 videntur.
534 4108 680 4158 Democriti
695 4108 762 4158 enim
781 4108 848 4158 aliae
863 4107 903 4175 [ut
916 4106 1032 4173 εὐθυμία
1047 4115 1095 4160 etc.
1115 4108 1148 4158 cf.
1161 4107 1236 4158 Stob.
1246 4107 1274 4155 11
1286 4107 1320 4170 76
1331 4107 1367 4157 H.
1383 4104 1534 4173 52,17W.]

387 4196 470 4246 multo
489 4197 585 4246 rectius
605 4196 649 4246 fini
669 4197 795 4262 Leucippi
813 4197 950 4262 oppositae
970 4203 1067 4255 essent,
1087 4212 1165 4262 quam
1184 4193 1390 4261 εὐσχημοσύνη,
1410 4210 1469 4244 cum
1486 4194 1534 4246 hac

387 4299 453 4334 voce
481 4284 538 4350 ipse
557 4284 706 4351 Leucippus
725 4285 764 4334 uti
784 4292 883 4351 posset.
920 4285 952 4334 Id
972 4284 1079 4351 quidem
1092 4284 1149 4333 sine
1168 4283 1251 4334 dubio
1270 4284 1468 4335 eoncedendum
1485 4291 1534 4345 est,

387 4371 524 4424 Iamblichi
542 4371 609 4422 illud
627 4371 714 4426 ‘sard
732 4372 763 4426 δὲ
781 4373 849 4436 τούς
866 4373 970 4437 ἀλλους
988 4371 1065 4439 μέρει
1082 4374 1138 4426 τινί
1156 4375 1208 4426 τού
1230 4370 1330 4425 καλοθ’
1352 4372 1481 4438 pertinere
1500 4371 1535 4424 ad

387 4460 557 4526 Leucippum.
576 4489 607 4498 -
627 4461 699 4511 Vide
720 4478 746 4528 p.
760 4461 803 4524 38.

486 4545 498 4584 ί
516 4551 556 4600 Ita
565 4550 668 4616 scripsit
678 4552 794 4616 Bernays
806 4551 839 4600 ad
851 4547 977 4619 [Philon.]
988 4551 1051 4618 περί
1063 4548 1130 4617 ἀφθ.
1143 4565 1168 4603 κ.
1178 4566 1203 4615 p.
1215 4560 1256 4614 55,
1268 4560 1283 4597 2
1296 4563 1343 4614 pro
1353 4545 1535 4614 προγονικὴν.
