3566 5406
690 568 917 631 ·-4s-·

246 757 370 815 nomen,
391 741 477 800 cuius
500 742 591 799 libros
613 749 737 816 praeter
759 750 880 798 ceteros
903 741 1043 800 adhibuit
1065 750 1097 801 et
1122 742 1293 820 exscripsit,
1315 760 1393 803 nun·

247 861 340 919 quam
361 843 495 902 tradidit.
538 841 609 914 Quo
636 843 731 898 modo
759 851 862 900 autem
895 843 1015 918 singula
1037 843 1192 918 collegerit
1214 853 1245 902 et
1267 863 1392 922 compo·

247 944 350 1014 suerit,
372 944 463 1001 etiam
495 943 520 1001 si
552 944 642 1000 unius
670 942 813 1000 Antiochi
842 943 934 1001 libros
963 945 1049 1018 sequi
1070 945 1220 1018 videatur,
1253 945 1389 1022 intellegi

247 1053 351 1120 potest
373 1063 412 1102 ex
434 1045 504 1106 dial.
527 1045 592 1118 VH,
616 1045 656 1102 de
671 1044 763 1101 beata
788 1044 859 1104 vita.
877 1075 912 1086 -
931 1061 948 1119 3
969 1033 1170 1119 ‘quaeramus
1194 1046 1308 1121 aliquid
1329 1063 1393 1104 non

237 1147 277 1250 0in
298 1146 432 1222 speciem
446 1147 570 1215 bonum,
592 1146 649 1204 sed
672 1145 803 1204 solidum
826 1152 858 1202 et
878 1145 1008 1221 aequale
1025 1154 1057 1203 et
1079 1146 1284 1205 asecretione
1305 1155 1393 1222 parte

248 1249 409 1307 formosius
436 1296 443 1309 .
469 1247 528 1305 hoc
550 1263 699 1325 quamue,
733 1265 791 1304 nec
814 1247 906 1323 louge
935 1246 1070 1322 positum
1092 1255 1140 1305 est
1166 1293 1174 1306 .
1201 1247 1392 1308 invenietur.

247 1351 324 1408 scire
346 1359 466 1408 tantum
488 1366 565 1425 opus
595 1357 644 1406 est
665 1366 727 1423 quo
743 1365 868 1406 manum
882 1348 1035 1424 porrigas:
1061 1366 1143 1407 nunc
1164 1349 1246 1407 velut
1261 1349 1292 1406 in
1308 1358 1394 1407 tene-

248 1453 306 1510 bris
330 1452 427 1509 vicina
450 1451 613 1508 transimus
638 1449 827 1507 offensantes
849 1468 889 1507 ea
903 1449 971 1526 ipsa
986 1468 1064 1525 quae
1083 1451 1304 1508 desideramus,
1328 1449 1391 1508 Sed

246 1571 286 1610 ne
302 1562 333 1611 te
347 1571 403 1629 per
417 1551 589 1610 circumitus
604 1551 733 1620 traham,
749 1551 875 1609 aliorum
890 1551 1015 1626 quidem
1030 1551 1192 1626 opiniones
1218 1552 1392 1628 praeteribo

248 1649 296 1730 [id
316 1664 363 1712 est
385 1655 557 1729 catalogum
580 1653 627 1710 vel
642 1652 778 1710 tabulam
796 1648 982 1730 praeteriti}
1004 1671 1076 1710 nam
1091 1661 1123 1709 et
1133 1669 1311 1710 enumerare
1326 1651 1392 1710 illas

247 1758 371 1832 longum
389 1764 437 1814 est
460 1766 490 1813 et
514 1772 697 1830 coarguere:
730 1763 869 1813 nostram
891 1755 998 1831 accipe
1015 1799 1021 1814 .
1037 1764 1175 1814 nostram
1197 1765 1300 1814 autem
1322 1772 1391 1813 cum

246 1858 328 1937 dico,
350 1876 414 1916 non
436 1857 569 1931 adligam
590 1874 639 1913 me
659 1857 700 1915 ad
721 1873 816 1914 unum
837 1855 970 1931 aliquem
996 1874 1033 1912 ex
1057 1855 1167 1914 Stoicis
1189 1856 1391 1932 proceribus.

247 1968 294 2016 est
315 1967 347 2016 et
368 1959 440 2017 mihi
463 1958 611 2016 censendi
634 1957 680 2014 ius
697 2003 703 2016 .
720 1957 824 2033 itaque
842 1957 974 2032 aliquem
989 1974 1110 2033 sequar,
1132 1956 1265 2032 aliquem
1279 1956 1392 2013 iubebo

247 2060 431 2118 sententiam
453 2059 589 2118 dividere
606 2105 613 2120 .
629 2059 760 2117 fortasse
783 2068 816 2116 et
837 2067 910 2135 post
931 2077 1038 2117 omnes
1061 2059 1172 2117 citatus
1194 2058 1267 2116 nihil
1288 2059 1403 2134 inpro-1

247 2161 329 2220 babo
362 2180 400 2218 ex
422 2162 468 2240 iis²
503 2179 582 2237 quae
610 2161 726 2236 priores
752 2161 951 2238 decreverint,
986 2169 1018 2217 et
1039 2161 1156 2218 dicam:
1183 2159 1242 2216 hoc
1265 2159 1391 2234 amplius

246 2259 384 2322 censeo'
422 2263 578 2338 Deinceps
618 2280 703 2319 more
725 2261 891 2320 Antiochio
925 2261 1095 2320 Stoicorum
1129 2260 1288 2336 disciplina
1323 2279 1392 2319 cum

247 2364 450 2440 Peripatetica
477 2364 571 2422 mixta
594 2372 648 2421 est.
691 2362 842 2422 Videmus
864 2363 945 2421 illam
977 2364 1128 2420 bonorum
1158 2361 1341 2419 divisionem
1361 2361 1393 2417 in

246 2466 347 2541 animi,
376 2466 520 2540 corporis,
552 2474 686 2524 externa.
728 2465 808 2523 Tum
835 2480 880 2538 4,1
907 2466 1020 2522 dantur
1050 2463 1248 2520 definitiones
1282 2463 1391 2520 summi

246 2568 329 2638 boni,
352 2583 439 2625 nam:
460 2555 581 2640 ‘potest
603 2567 689 2624 aliter
709 2583 834 2642 quoque
850 2564 968 2622 definiri
986 2566 1102 2622 bonum
1124 2573 1273 2642 nostrum,
1296 2565 1328 2620 id
1343 2573 1392 2621 est

246 2671 356 2727 eadem
376 2667 530 2726 sententia
551 2684 614 2724 non
637 2668 746 2724 iisdem
769 2665 988 2741 comprehendi
1009 2659 1133 2738 verbis',
1167 2665 1282 2723 scilicet
1318 2683 1387 2721 cum

246 2769 414 2828 Antiochus
446 2769 538 2826 verba
572 2776 689 2825 tantum
723 2767 874 2826 aStoicis
907 2774 1022 2824 mutata
1056 2783 1124 2823 esse
1152 2760 1304 2824 docuerit!
1329 2764 1387 2840 6,1

246 2871 401 2928 deridetur
421 2869 641 2945 Epicureorum
661 2869 710 2927 illa
732 2869 870 2944 voluptas
893 2883 1049 2943 praesens,
1082 2867 1191 2945 sutura,
1222 2865 1389 2942 praeterita

246 2979 278 3028 et
297 2970 353 3046 6,3
378 2973 519 3046 quaestio
546 2972 579 3029 fit
605 2973 645 3028 de
679 2971 836 3046 voluptate
857 2989 927 3028 cum
949 2970 1111 3027 honestate
1146 2969 1318 3028 coniuncta.
1351 2997 1390 3006 -

246 3076 276 3148 8,
291 3091 321 3132 1:
354 3065 507 3152 ‘ideoque
529 3084 753 3152 praeceperunt
778 3082 896 3132 veteres
922 3065 1094 3150 [tipxotiotl]
1125 3071 1273 3145 optimam
1303 3067 1391 3142 sequi

246 3179 346 3250 vitam,
362 3195 424 3235 non
439 3176 696 3248 iucundissimam,
711 3185 745 3234 ut
762 3184 865 3233 rectae
881 3193 917 3232 ac
940 3175 1041 3232 honae
1057 3171 1222 3230 voluntatis
1238 3187 1301 3228 non
1317 3169 1390 3246 dux,

234 3282 304 3338 -sed
325 3298 429 3338 comes
450 3281 488 3338 sit
510 3264 674 3354 voluptas'
707 3295 788 3353 qsq.
809 3276 983 3334 refutantur
1005 3273 1055 3349 qui
1083 3273 1224 3330 virtutem
1246 3287 1315 3328 cum
1338 3287 1392 3326 vo·

245 3381 360 3457 luptate
383 3382 571 3457 coniungunt
595 3379 647 3453 [cf.
675 3395 722 3451 12,
734 3396 752 3455 3
772 3371 932 3436 ‘desinant
959 3392 1033 3450 ergo
1057 3371 1302 3431 inconvenientia
1324 3370 1391 3427 iuu-

146 3481 152 3494 '
246 3499 318 3558 gere
340 3489 372 3539 et
393 3482 494 3540 virtuti
516 3482 705 3557 voluptatem
725 3472 913 3555 inplicare'].
940 3491 974 3550 13
994 3475 1114 3550 Epicuri
1136 3472 1265 3547 simplex
1287 3470 1394 3545 volup-

245 3593 292 3642 tas
312 3583 449 3655 reicitur;
476 3599 521 3658 15,
536 3599 553 3659 5
573 3583 646 3641 illud
659 3587 856 3659 praeceptum
872 3581 971 3648 datur,
995 3578 1080 3654 quod
1094 3582 1216 3651 praeter
1231 3571 1394 3630 Platonem

245 3684 434 3760 Pythagoras
457 3685 570 3743 dixisse
590 3684 693 3742 fertur:
713 3670 825 3740 ‘deum
848 3673 990 3758 sequere'
1022 3673 1117 3750 [ἕπου
1138 3676 1203 3756 θεῷ
1226 3673 1264 3736 ci.
1287 3671 1391 3732 Arium

245 3787 316 3848 Did.
340 3805 388 3864 ap.
411 3786 495 3849 Stob.
511 3787 576 3847 Ecl.
597 3784 626 3842 ΙΙ
640 3803 671 3861 p.
685 3782 725 3842 66
736 3783 776 3841 H.
792 3799 833 3857 49
848 3777 922 3860 W.].

344 3889 441 3966 Epist.
469 3905 526 3961 124
546 3887 665 3946 Seneca
687 3886 704 3958 ἕ
721 3888 738 3945 7
761 3884 921 3959 distinguit
940 3883 1056 3939 bonum
1078 3887 1110 3938 et
1131 3877 1249 3936 initium
1270 3873 1392 3932 boniet

244 3990 305 4049 hoc
328 3991 439 4049 eodem
460 3990 565 4067 mode,
587 4006 648 4064 quo
670 3987 760 4046 Arius
782 4005 829 4062 ap.
857 3985 943 4044 Stob.
963 3984 1000 4042 H.
1023 3981 1065 4039 60
1078 3980 1117 4040 H.
1140 3992 1239 4054 47,12
1261 3974 1307 4036 W.
1330 3970 1389 4048 τὴν

245 4087 420 4154 ὑποτελίδα
442 4091 597 4149 intellexit.
627 4090 729 4165 Atque
752 4087 768 4160 ἓ
787 4103 826 4146 20
838 4105 881 4162 sq.
904 4084 1025 4143 Seneca
1048 4081 1176 4140 tradidit
1198 4095 1267 4137 eam
1282 4075 1391 4134 summi

245 4193 318 4251 boni
349 4193 569 4262 definitionem,
603 4209 682 4268 quae
704 4191 736 4248 in
758 4187 821 4248 Cic.
847 4189 888 4246 de
906 4188 964 4262 leg.
986 4186 1000 4242 l
1021 4182 1202 4260 principium
1220 4177 1315 4236 totius
1338 4193 1389 4232 ex-

243 4294 404 4370 positionis
427 4304 483 4354 est.
512 4293 591 4352 Nam
611 4301 644 4350 ut
668 4291 789 4350 Seneca
810 4289 964 4347 hominem
986 4283 1143 4359 coniungit
1158 4299 1226 4339 cum
1247 4279 1307 4336 deo
1322 4293 1391 4352 per·

245 4396 326 4454 secta
348 4397 475 4467 ratione,
497 4397 540 4454 ita
560 4394 698 4454 definitio
720 4392 795 4467 legis
818 4408 855 4449 ex
877 4390 935 4448 hac
956 4386 1172 4446 communitate
1193 4379 1278 4456 apud
1302 4377 1390 4434 Cice·

246 4517 353 4558 ronem
375 4497 536 4560 derivatur.

347 4599 503 4672 Quantum
523 4597 654 4674 epistula
671 4595 710 4655 88
726 4596 767 4654 ad
781 4591 968 4653 Antiochum
988 4589 1150 4666 pertineat,
1170 4599 1239 4641 cum
1255 4575 1390 4656 pluribus

554 4709 556 4716 ’
1175 4693 1192 4743 4
