3566 5406
850 519 1053 578 ..34..

319 688 387 753 τούς
415 685 616 753 μεταποιουμέ-
644 683 729 755 <τού>
748 685 832 738 ’κατὰ
845 685 879 739 τό
892 686 939 738 δυ-
971 683 1004 736 τό
1047 683 1118 737 κατ’
1161 680 1266 748 ἀρετὴν
1292 681 1356 747 περί
1373 679 1426 745 τὴν
1447 677 1589 746 ἀλήθειαν,

317 793 385 842 νσυς
403 777 505 845 ἀρετῆς
521 791 553 829 τε
572 776 617 828 καί
642 769 747 828 νατόν’
792 773 939 841 προσθήκη
972 775 1050 838 (ζῆν).
1086 772 1129 824 Ἔν
1148 770 1267 838 μὲνγὰρ
1293 769 1332 832 ὥς
1349 780 1437 834 φησιν
1459 766 1589 821 όΠυθα-

319 868 370 931 τῆς
393 865 515 932 ἀληθοῦς
538 867 617 932 φιλο·
644 862 940 930 ἀξιαγαστότεροντόν
971 865 1028 930 θεῷ
1047 861 1080 914 τό
1095 860 1267 923 κοσμοποιόν
1292 857 1402 925 γόρειος
1432 853 1526 910 Φίλων
1553 855 1588 909 τό

320 952 616 1021 σοφίας.όιόκαίΚλε-
644 952 712 1020 όρον
727 951 880 1017 ἀπέφηνεν.
900 951 940 1004 Οὐ
972 951 1016 1005 καί
1046 949 1267 1016 κοσμοδιοικητι-
1294 944 1440 1008 Μωυσέως
1471 943 1588 1009 ἑξηγού-

320 1041 407 1108 ἀνθης
432 1042 463 1095 έν
488 1046 530 1110 τῷ
555 1042 616 1094 δευ-
643 1041 697 1107 γὰρ
710 1040 782 1094 κατὰ
791 1039 883 1093 πάντα
893 1042 940 1094 δυ-
972 1039 1039 1092 κόν·
1058 1037 1089 1091 ἐν
1113 1037 1144 1090 δέ
1162 1041 1204 1104 τῷ
1223 1049 1267 1088 σο·
1294 1049 1378 1100 μενος
1402 1061 1435 1072 -
1460 1031 1517 1087 είτε
1545 1034 1589 1086 καί

320 1131 394 1200 τέρῳ
421 1130 484 1199 περί
512 1129 618 1194 ἡδονῆς
642 1130 729 1182 νατόν
765 1129 940 1194 ὁμοιωθῆναι
972 1132 1019 1195 φῷ
1028 1124 1088 1192 βίου
1098 1125 1268 1189 κατάστασις
1293 1121 1369 1190 παρά
1404 1137 1491 1174 τινων
1522 1121 1589 1175 τότε

319 1218 370 1272 τόν
380 1218 533 1285 Σωκράτην
546 1218 617 1284 φησί
643 1222 707 1286 θεῷ.
745 1217 815 1281 Πῶς
831 1217 885 1284 γάρ
905 1217 939 1270 ἀν
971 1218 1017 1270 καί
1052 1218 1126 1278 Ζωής
1165 1215 1267 1278 όιαγω·
1293 1210 1397 1278 λογίων
1451 1208 1588 1262 ἀναδιδα-

318 1309 384 1375 παρ·
417 1308 521 1361 ἕκαστα
541 1305 616 1358 διόά-
642 1322 683 1370 τις
695 1306 797 1373 όρατός
810 1306 851 1359 ὢν
862 1307 938 1371 δμοι-
970 1305 1020 1370 γή·
1031 1304 1101 1370 ὅπερ
1114 1301 1268 1357 αἰνίξασθαι
1293 1302 1368 1366 χθείς
1381 1299 1430 1352 ἀτε
1440 1297 1589 1364 μαθήσεως

319 1410 395 1451 σκειν
424 1396 464 1460 ὡς
488 1396 504 1448 ό
532 1393 616 1459 αὐτός
642 1393 728 1461 ωθείη
747 1399 790 1463 τῷ
810 1393 938 1464 ἀοράτῳ·
971 1394 1022 1461 μέν
1033 1392 1160 1459 Ὅμηρον
1175 1390 1266 1446 εἰπόν·
1292 1389 1335 1443 ἀεί
1353 1390 1453 1455 όιῳῷν.

1279 1475 1581 1492 ..Μ-

381 1500 486 1567 δίκαιός
510 1515 542 1555 τε
569 1503 616 1556 καί
630 1483 751 1556 ’ἔύόαίῗ
779 1502 824 1554 καί
863 1501 965 1568 βραχὺς
998 1499 1039 1555 ὐιν
1083 1502 1128 1556 καί
1178 1514 1213 1553 τα
1233 1499 1258 1567 [ε
1280 1499 1342 1567 193]

381 1607 441 1656 μων
451 1589 522 1657 ἀνὴρ
537 1593 583 1644 καί
595 1595 638 1660 τῷ
652 1591 728 1657 πρώ-
778 1589 859 1658 τόπῳ
887 1594 995 1658 σμικρῷ
1019 1605 1127 1658 περιγε-
1208 1587 1526 1654 κατ’ίχνιαβαῖνεθεοῑα·

380 1696 422 1748 τῳ
442 1678 561 1734 διελόντι
574 1680 608 1733 τό
622 1677 729 1732 δίκαιον
778 1679 936 1747 γραμμένος
961 1684 1003 1748 τῷ
1034 1679 1127 1749 ἀπερι-
1179 1676 1351 1745 Πυθαγόραν
1391 1676 1421 1731 δὲ
1454 1675 1526 1743 παρ’

379 1767 437 1823 ἀπό
459 1771 510 1821 τοῦ
534 1768 730 1836 συμφέροντος
779 1767 882 1837 γράφῳ
903 1769 948 1822 καί
966 1767 1020 1834 τὴν
1039 1767 1127 1823 κτίσιν
1180 1766 1268 1820 αὐτόν
1304 1765 1408 1820 εἰπεῖν·
1436 1763 1526 1818 Ἐπου

380 1859 555 1923 καταρᾶσθαι
574 1857 614 1920 ως
631 1857 729 1922 ἀσεβές
779 1855 944 1920 συνέχοντι.
962 1859 1007 1910 καί
1025 1856 1061 1911 αὐ
1075 1857 1127 1912 πά-
1179 1858 1253 1924 θεῷ.
1284 1855 1372 1922 δῆλον
1402 1854 1441 1917 ὼς
1474 1853 1527 1918 οὐχ

380 1962 407 1999 τι
425 1948 539 2012 πρᾶγμα
564 1945 727 2013 δεόρακότι·
779 1945 822 1996 λιν
840 1947 882 2012 τῷ
905 1942 1011 2015 αἰωνίῳ
1041 1946 1127 2015 πρόσ-
1179 1946 1274 2014 ὁρατῷ
1307 1945 1353 1997 καί
1387 1957 1526 2010 προηγου-

380 2033 488 2099 ἀσεβεῖς
514 2032 568 2100 γὰρ
595 2038 636 2102 τῷ
667 2035 729 2087 όντι
779 2046 869 2097 φατος
888 2031 930 2085 ιύν
944 2047 950 2060 ·
966 2035 1011 2086 καί
1031 2037 1073 2103 τῷ
1091 2035 1128 2088 τό
1179 2033 1272 2102 μένῳ,
1299 2036 1396 2101 νοητῷ
1424 2031 1455 2084 δέ
1480 2029 1527 2082 καί

380 2121 408 2176 οί
434 2121 468 2175 τό
495 2122 641 2190 συμφέρον
671 2121 727 2175 ἀπό
779 2118 872 2174 πάντα
929 2122 1127 2190 τεκτηναμένῳ
1177 2125 1230 2188 τῆς
1248 2125 1382 2188 κοσμικῆς
1400 2117 1527 2182 εὐταξίας

379 2213 431 2265 τοῦ
451 2209 559 2264 δικαίου
582 2215 634 2263 τοῦ
656 2210 728 2264 κατὰ
778 2208 848 2274 μηδέ
876 2213 1016 2274 πηχυαῖον
1044 2209 1127 2276 οὐρα·
1179 2209 1329 2279 ἁρμονικῷ.

380 2322 469 2389 νόμον
486 2321 664 2392 χωρίζοντες.
683 2305 768 2387 αὐτός
781 2321 812 2374 όὲ
825 2319 928 2374 όΠλά-
980 2322 1030 2376 νόν
1048 2323 1252 2392 δημιουργῆσω
1270 2323 1437 2390 δυνάμενος;
1452 2304 1527 2373 ’ff

380 2429 439 2466 των
465 2413 519 2480 τὴν
544 2409 721 2476 εὐδαιμονίαν
750 2410 784 2463 τό
817 2408 849 2464 εὐ
878 2410 929 2462 τόν
979 2409 1077 2476 γάρτοι
1110 2413 1176 2466 οὐτε
1208 2413 1262 2478 τήν
1293 2412 1379 2481 φύσιν
1408 2408 1526 2476 έκείνην,

381 2500 500 2569 δαίμονα
518 2501 599 2568 έχειν,
619 2498 737 2564 δαίμονα
752 2499 782 2552 δέ
798 2499 928 2562 λέγεσθαι
980 2500 1047 2553 οὐτε
1072 2499 1125 2566 τὴν
1148 2502 1274 2570 δύναμιν,
1303 2502 1370 2556 οὐτε
1393 2499 1449 2566 μὴν
1473 2497 1526 2563 τὴν

380 2588 415 2644 τό
442 2593 493 2655 τῆς
520 2591 614 2656 ψυχῆς
641 2589 724 2655 ἠμῷν
750 2587 928 2653 ἡγεμονικόν,
980 2587 1084 2654 σοφίαν
1111 2589 1283 2656 μιμήσασθαι
1312 2589 1451 2644 δυνατόν·
1474 2589 1527 2640 τοθ

380 2679 434 2745 τήν
453 2678 484 2732 δέ
501 2674 680 2744 εὐδαιμονίαν
696 2677 730 2730 τό
748 2676 929 2730 τελειότατον
981 2676 1088 2740 ἀγαθοῦ
1112 2677 1207 2743 μέντοι
1231 2681 1276 2732 καί
1301 2676 1408 2732 δικαίου
1432 2678 1478 2730 καί
1496 2675 1527 2742 η-

381 2767 488 2832 ἀγαθόν
508 2766 554 2819 καί
572 2765 768 2833 πληρέσταταν
781 2764 863 2828 λέγει.
880 2765 929 2818 δτε
980 2767 1067 2834 μέραυ
1103 2769 1149 2821 καί
1180 2766 1384 2837 φιλανθρώπου
1420 2765 1529 2829 τύπους

381 2855 413 2909 δέ
432 2854 491 2921 βίον
513 2854 741 2920 ὁμολογούμενον
755 2855 800 2906 καί
814 2853 929 2921 σύμφω-
982 2855 1111 2924 ἀμηγέπη
1135 2855 1384 2920 τινόιςέκμιίξασθαι
1425 2851 1527 2908 οἷόντε.

333 2960 335 2964 ·
379 2958 431 2997 νον
452 2941 543 3007 αὐτὴν
566 2941 708 3009 ἀποκαλεῖ,
735 2943 781 2995 καί
800 2941 858 2995 ἔσθ’
881 2941 929 2995 ότε
982 2943 1031 2996 Καί
1053 2943 1107 3011 γὰρ
1128 2944 1144 2996 ό
1164 2944 1304 3011 δεσπότης
1326 2943 1443 3012 Χριστός
1461 2941 1528 2996 ταύ·

381 3032 415 3086 τὸ
433 3031 494 3086 κατ’
512 3030 617 3099 ἀρετὴν
635 3030 822 3096 τελειότατον,
841 3034 928 3083 τοῦτο
980 3048 1034 3098 την
1047 3037 1108 3096 τοῖς
1116 3032 1294 3097 τελειότητος
1305 3031 1463 3098 ἐφιεμένοις
1475 3029 1531 3096 τὴν

382 3120 413 3174 δέ
434 3118 465 3174 ἐν
491 3117 631 3188 έπιστὴμη
655 3121 707 3172 τού
730 3117 838 3183 ἀγαθοῦ
858 3117 929 3172 τίθε-
982 3119 1096 3187 μίμησιν
1106 3121 1263 3188 προύθηκε·
1276 3118 1465 3187 Τίνεσθε’γάρ
1478 3135 1530 3186 φη-

381 3224 428 3262 ται
446 3208 491 3262 καί
510 3207 542 3261 έν
562 3207 724 3273 ἐξομοιώσει
742 3213 778 3276 τῇ
797 3209 867 3275 πρὸς
879 3209 931 3262 τόν
983 3222 1027 3261 σιν
1038 3207 1231 3276 “οίκτίρμονες,
1243 3208 1336 3272 καθὼς
1344 3209 1389 3262 καί
1407 3207 1529 3274 όπατὴρ

382 3297 456 3363 θεόν,
480 3293 617 3362 ὁμοίωσιν
641 3295 869 3364 ἀποφαινόμενος
892 3294 930 3350 δί-
983 3298 1064 3364 ὑμῶν
1083 3298 1099 3352 ό
1117 3297 1247 3366 οὐράνιος
1266 3295 1418 3364 οἰκτίρμων
1433 3295 1530 3349 ἐστίν·
1605 3311 1606 3316 “

383 3401 463 3439 καιον
486 3386 532 3438 καί
560 3384 639 3438 όσιον
664 3383 735 3450 μετὰ
762 3385 931 3454 φρονήσεως
983 3385 1059 3453 [Luc.
1071 3387 1095 3452 6,
1108 3385 1154 3452 36]
1169 3383 1212 3439 ότι
1223 3384 1366 3440 ἀνατέλλει
1381 3384 1432 3439 τόν
1449 3385 1529 3450 ἥλιον

383 3475 470 3528 εἰναι.
490 3473 508 3538 ἢ
526 3473 581 3541 γὰρ
601 3473 653 3540 οὐχ
671 3474 763 3537 οὕτως
780 3473 854 3539 τινές
871 3479 931 3528 τῷν
984 3474 1071 3529 αὐτοθ
1100 3474 1145 3527 έπί
1166 3475 1310 3541 πονηροὺς
1327 3474 1374 3526 καί
1398 3471 1528 3540 ἀγαθοὺς,

382 3560 528 3629 ἡμετέρων
550 3560 585 3616 τό
608 3561 658 3626 μέν
682 3563 744 3614 κατ’
767 3562 863 3616 εἰκόνα
887 3563 930 3616 εὐ-
983 3563 1028 3614 καί
1042 3561 1132 3628 βρέχει
1147 3563 1191 3615 ἐπί
1205 3560 1328 3627 δικαίους
1344 3563 1389 3615 καί
1404 3557 1528 3627 ἀδίκους’

383 3651 455 3716 θέως
477 3650 549 3704 κατὰ
574 3649 628 3714 τὴν
650 3649 761 3714 γένεσιν
786 3650 931 3718 εἰληφέναι
984 3648 1088 3716 [Matth.
1102 3663 1125 3714 5,
1136 3649 1191 3716 45]·
1213 3649 1291 3703 Καίὸ
1309 3650 1529 3716 τθθΠίάτωνθς

383 3739 434 3793 τόν
461 3737 620 3805 ἀνθρωπον,
649 3738 683 3792 τό
706 3740 768 3792 καθ’
796 3739 931 3805 ὁμοίωσιν
985 3738 1015 3790 δέ
1033 3737 1199 3802 διδάσκαλος
1218 3740 1233 3793 ό
1250 3737 1453 3805 Σωφρονίσκου
1471 3741 1529 3794 Σω-

384 3828 415 3881 όέ
428 3828 548 3893 ὕστερον
564 3827 636 3880 κατὰ
647 3826 700 3892 τὴν
710 3826 855 3881 τελείωσιν
869 3829 930 3895 μέλ·
983 3824 1088 3893 κράτης
1116 3825 1150 3879 οὐ
1173 3826 1224 3879 τόν
1248 3828 1363 3897 πλούτῳ
1387 3828 1529 3896 περιρρεό-

384 3919 442 3970 λειν
461 3915 670 3982 ἀπολαμβάνειν
689 3914 858 3980 ἐκδέχονται.
983 3929 1067 3978 μενον
1101 3915 1146 3967 καί
1173 3914 1200 3969 έξ
1226 3913 1332 3982 οὐρίων
1370 3916 1528 3984 φερόμενον

419 4001 512 4072 §132
546 4001 650 4057 Αὐτίκα
679 4004 695 4057 ό
725 4003 850 4058 Πλάτων
877 4004 931 4070 τήν
982 4003 1052 4057 ἀλλὰ
1073 4004 1124 4058 τόν
1147 4003 1310 4074 δικαιοσύνη
1334 4003 1528 4072 κοσμούμενον

383 4090 517 4158 ὁμοίωσιν
531 4092 639 4158 ταύτην
658 4093 727 4160 μετὰ
742 4109 930 4160 ταπεινοφρο-
982 4090 1134 4156 εὐδαίμονα
1152 4091 1252 4145 εἴωθεν
1271 4095 1384 4146 καλεῖν·
1404 4095 1450 4147 καί
1465 4087 1527 4147 ἀσε-

382 4180 470 4246 σύνης
497 4179 610 4234 έσεσθαι
633 4185 676 4250 τῷ
706 4180 830 4250 έναρέτῳ
855 4181 929 4235 όιδά-
983 4184 1038 4247 βεῑς
1070 4180 1198 4245 ὠνόμαζε
1228 4181 1294 4245 τούς
1323 4181 1357 4236 τό
1380 4182 1527 4251 ,ξυμφέρον

381 4282 458 4322 σκων
477 4267 568 4322 ἐκεῖνό
582 4284 638 4322 που
658 4269 803 4336 ἑρμηνεύει
822 4268 890 4332 ‘ufic
913 4270 929 4322 ό
954 4316 956 4377 ¹
981 4274 1033 4322 τού
1044 4268 1151 4323 δικαίου
1164 4268 1354 4337 χωρίζοντας·
1372 4270 1459 4338 μόνον
1473 4271 1527 4339 γὰρ

381 4359 524 4410 ταπεινῶν
574 4356 676 4410 ἑαυτόν
724 4355 929 4422 ὐψωθήσεται’
981 4358 1051 4410 εἰναι
1075 4357 1217 4425 ξυμφέρον
1235 4358 1268 4412 τό
1293 4356 1400 4413 δίκαιον
1423 4361 1525 4425 ἔλεγεν.

382 4445 457 4512 [Luc.
470 4459 510 4512 ιφ,
524 4445 576 4512 ιι].
596 4444 670 4510 λέγει
688 4443 740 4498 οὐν
753 4443 784 4498 έν
802 4450 862 4508 τοῖς
880 4445 927 4499 νό-
981 4444 1015 4498 Οί
1036 4444 1067 4500 δέ
1088 4462 1120 4512 γε
1139 4445 1257 4514 ῥήτορες
1278 4446 1391 4500 τούτων
1417 4447 1526 4503 ἐπαίειν

381 4549 442 4600 μοις
461 4533 553 4602 [va.
573 4532 637 4599 715]
665 4529 696 4585 ’ό
716 4533 766 4598 μέν
794 4533 829 4599 δὴ
856 4533 928 4600 θεός,
980 4538 1041 4588 τῶν
1057 4534 1151 4599 λόγων
1173 4535 1225 4588 οὐκ
1242 4535 1361 4599 ἤθελον·
1381 4535 1448 4590 ἀλλο
1470 4537 1526 4604 γάρ
