3566 5406
911 549 1097 612 ..8.-

430 756 481 796 mo
504 739 585 796 bono
619 722 787 812 quaeritur'
820 746 852 797 et
870 728 954 799 ‘cum
981 740 1061 798 enim
1093 747 1215 797 constet
1240 737 1332 797 inter
1350 757 1458 800 omnes
1483 759 1574 800 omne

431 839 563 897 officium
584 856 755 914 munusque
784 838 954 914 sapientiae
975 840 1007 896 in
1027 839 1150 896 homiiiir
1174 841 1257 898 cultu
1281 859 1350 900 esse
1381 828 1575 919 occupatum'

431 949 463 1000 et
482 931 551 1017 ‘qui
574 958 644 999 cum
666 941 706 996 de
727 940 844 998 homiiris
865 958 888 998 s.
913 941 940 998 b.
964 936 1177 1016 quaererent’;
1213 958 1284 1000 nam
1312 943 1377 1001 aliis
1407 944 1482 1001 locis
1505 962 1574 1002 cum

431 1045 471 1100 de
503 1043 585 1099 hono
619 1049 790 1116 quaeratur,
825 1041 997 1116 simpliciter
1029 1042 1131 1100 dicere
1165 1042 1245 1100 solet
1280 1042 1386 1102 Cicero
1423 1061 1573 1104 summum

430 1145 560 1210 bonum;
591 1129 739 1200 ‘hominis
761 1127 888 1200 bonum'
918 1159 981 1200 non
1007 1142 1089 1216 dicit,
1121 1142 1179 1201 nisi
1205 1143 1264 1202 vim
1293 1145 1449 1220 quandam
1475 1145 1574 1208 verbis

431 1243 543 1303 tribuit.
829 1291 832 1297 .

530 1344 674 1404 Ceterum
695 1346 756 1404 iam
778 1345 917 1416 Krische,
950 1346 1090 1421 Gotting.
1108 1345 1238 1405 Studien
1259 1346 1336 1421 1845
1352 1367 1381 1424 p.
1401 1363 1457 1424 195
1484 1349 1574 1406 intel·

430 1448 503 1505 lexit
537 1448 713 1521 catalogum
741 1449 839 1506 Acad.
862 1447 891 1504 11
918 1463 975 1522 129
1007 1449 1210 1524 compositum
1242 1465 1311 1506 esse
1343 1469 1361 1509 a
1393 1449 1575 1526 philosopho

433 1548 562 1618 Graec0,
596 1549 646 1625 qui
667 1549 733 1606 illas
756 1549 930 1625 disciplinas
956 1567 1025 1606 cum
1047 1548 1205 1606 Platonica
1227 1567 1404 1626 comparare
1427 1552 1574 1611 studeret.

431 1649 495 1707 Nos
530 1651 674 1726 quoniam
695 1650 833 1720 vidimus
866 1651 999 1708 eundem
1031 1649 1123 1708 fuisse
1150 1651 1181 1707 in
1207 1651 1288 1709 libris
1311 1651 1463 1722 Antiochi,
1497 1669 1574 1729 quos

432 1751 537 1810 Cicero
560 1753 591 1808 in
621 1751 700 1810 libris
728 1753 768 1810 de
791 1751 838 1812 fin.
861 1753 1012 1828 expiavit,
1042 1759 1075 1809 et
1106 1751 1188 1808 illam
1209 1753 1353 1810 Antiochi
1374 1753 1524 1812 rationem
1545 1754 1577 1812 in

432 1853 626 1911 Academicis
642 1870 765 1928 quoque
781 1855 984 1928 agnoscimus,
1006 1871 1069 1910 non
1093 1853 1278 1924 dubitamus
1301 1855 1373 1928 quin
1388 1863 1421 1912 ut
1443 1856 1574 1914 inlibris

431 1956 471 2010 de
494 1953 542 2013 fin.
563 1955 605 2013 ita
627 1956 658 2012 in
680 1956 827 2017 Academ.
851 1956 881 2013 11
903 1957 919 2027 ἓ
940 1971 997 2030 129
1015 1974 1058 2030 sq.
1103 1955 1211 2014 Cicero
1246 1966 1368 2014 secutus
1395 1958 1434 2016 sit
1466 1959 1574 2017 Antio·

432 2051 548 2124 ehuml,
578 2057 627 2132 qui
650 2058 785 2114 omnium
806 2057 925 2114 illorum
947 2056 1199 2133 philosophorum
1227 2059 1396 2116 sententias
1420 2077 1489 2118 cum
1509 2059 1576 2118 Pla·

530 2311 639 2379 1Qu0d
658 2316 679 2365 si
703 2317 833 2376 concedis,
862 2318 941 2366 etiam
959 2317 1034 2382 plura
1057 2318 1226 2367 concedenda
1245 2327 1312 2368 sunt.
1349 2319 1416 2368 Nam
1439 2319 1482 2368 hic
1501 2319 1576 2370 locus

432 2403 469 2452 ita
487 2404 610 2453 cohaeret
628 2420 686 2453 cum
704 2405 745 2464 iis,
766 2420 833 2470 quae
852 2422 867 2455 a
884 2403 899 2471 ξ
917 2406 1054 2470 112-146
1073 2406 1158 2458 Acad.
1178 2405 1308 2472 explicata
1328 2412 1393 2466 sunt,
1421 2413 1450 2456 ut
1469 2408 1576 2458 distrahi

432 2493 538 2542 omnino
557 2510 610 2542 non
628 2494 720 2559 possit.
757 2495 792 2542 Et
810 2495 913 2543 videbis
937 2495 1019 2544 ineis
1039 2495 1126 2544 inesse
1145 2495 1240 2544 rudera
1256 2495 1342 2558 magni
1363 2496 1497 2545 cuiusdam
1516 2513 1577 2562 ope·

432 2582 475 2633 ris.
503 2581 595 2632 Cicero
613 2581 778 2631 Antiochum
800 2583 935 2648 impugnat
953 2579 968 2650 §
986 2595 1048 2644 114:
1078 2581 1131 2632 ‘Tu
1151 2599 1208 2632 cum
1229 2599 1271 2633 me
1295 2584 1428 2646 incognito
1452 2585 1577 2634 adsentiri

432 2678 505 2720 vetes
525 2671 606 2737 idque
624 2670 800 2736 turpissimum
822 2686 880 2720 esse
901 2671 973 2720 dicas
991 2678 1018 2720 et
1035 2670 1217 2736 plenissimum
1229 2659 1392 2731 temeritatis,
1411 2679 1511 2722 tantum
1529 2673 1578 2724 tibi

431 2759 569 2822 adrogeS,
590 2765 619 2808 ut
647 2774 761 2824 exponas
790 2761 963 2824 disciplinam
986 2762 1150 2824 sapientiae,
1185 2767 1315 2809 naturam
1340 2776 1433 2809 rerum
1462 2762 1576 2812 omnium

424 2847 546 2914 evolvas,
570 2864 656 2897 mores
679 2847 770 2910 fingas,
794 2847 860 2897 fines
884 2849 1014 2897 bonorum
1039 2847 1222 2913 malorumque
1248 2849 1399 2912 constituaS,
1428 2849 1516 2900 osficia
1534 2851 1578 2900 de·

431 2937 543 2996 scribaS,
572 2952 650 3002 quam
675 2937 755 2986 vitam
782 2935 914 3000 ingrediar
937 2936 1044 2986 definias
1071 2933 1116 3003 [cf.
1136 2937 1227 2987 Senec.
1246 2937 1321 3002 epist.
1343 2937 1432 2997 89,1o
1452 2937 1576 3003 ‘quidam

431 3021 509 3075 etde
528 3025 668 3087 generibus
687 3025 756 3073 vitae
775 3024 864 3073 locum
884 3023 1081 3089 separaverunt’
1102 3031 1127 3072 et
1148 3039 1189 3090 ep.
1209 3021 1265 3091 94]‚
1284 3023 1420 3090 ‘idemque
1439 3026 1516 3074 etiam
1536 3029 1575 3076 di·

430 3115 563 3177 sputandi
579 3119 606 3161 et
624 3115 806 3176 intellegendi
826 3112 954 3162 iudicium
972 3112 1044 3161 dicas
1069 3119 1094 3160 te
1114 3119 1140 3160 et
1159 3112 1295 3161 artificium
1315 3113 1476 3174 traditurum,
1504 3115 1578 3180 perfi-

431 3204 485 3251 cies
509 3210 537 3251 ut
556 3218 605 3266 ego
625 3203 676 3252 ista
699 3203 899 3252 innumerabilia
923 3203 1092 3268 conplectens
1117 3218 1245 3268 nusquam
1264 3203 1346 3262 labar,
1370 3202 1437 3251 nihil
1455 3201 1577 3268 opineri’

431 3291 480 3340 His
499 3291 586 3340 verbis
610 3291 770 3356 apertissime
795 3292 859 3341 dicit
878 3291 989 3351 Tullius,
1013 3307 1079 3357 quae
1098 3298 1124 3340 et
1142 3297 1239 3357 quanta
1256 3291 1289 3340 ab
1308 3291 1446 3341 Antiocho
1466 3292 1576 3341 docean-

430 3387 479 3444 tur,
498 3380 592 3429 iisdem
607 3380 693 3429 verbis
713 3379 912 3444 dispositionem
932 3379 1006 3428 dedit
1025 3386 1052 3428 et
1071 3395 1167 3439 eorum,
1187 3395 1253 3445 quae
1272 3387 1416 3445 sequuntur
1435 3386 1461 3428 et
1478 3397 1580 3444 magni

431 3470 572 3518 cuiusdam
595 3471 684 3533 operis
702 3471 736 3518 ab
756 3469 888 3518 Antiocho
906 3469 1030 3535 consecti.
1051 3496 1083 3504 ——
1103 3468 1198 3517 Paucis
1222 3468 1301 3518 liceat
1324 3467 1463 3528 illustrare,
1492 3468 1577 3534 qualis

431 3557 513 3606 fuisse
532 3551 597 3605 mihi
615 3557 741 3606 videatur·
752 3557 815 3606 haec
831 3556 985 3622 dispositio:
1006 3557 1118 3622 primum
1136 3557 1277 3606 reiciantur
1294 3557 1411 3620 magistri
1429 3555 1578 3606 liberalium

432 3645 532 3703 artium,
552 3644 596 3710 qui
614 3644 790 3710 philosophos
803 3644 847 3694 vel
867 3645 995 3710 sapientes
1014 3659 1042 3694 se
1062 3661 1118 3694 esse
1136 3650 1236 3710 putent,
1255 3650 1284 3694 ut
1300 3652 1448 3707 geometrae
1469 3642 1509 3711 [hi
1527 3644 1578 3694 soli

433 3749 448 3780 a
467 3731 592 3781 Cicerone
613 3733 808 3782 commemorati
827 3739 887 3782 sunt
907 3731 1006 3799 §116],
1027 3732 1159 3796 astrologi,
1190 3731 1355 3792 arithmetici,
1383 3733 1436 3793 alii,
1467 3733 1578 3782 fortasse

432 3819 511 3869 simili
529 3821 640 3879 ratione,
661 3836 739 3886 quam
757 3820 904 3870 invenimus
930 3821 958 3869 in
983 3821 1073 3872 Senec.
1097 3836 1137 3886 ep.
1159 3821 1191 3870 88
1217 3819 1303 3885 [quam
1323 3820 1416 3870 Hirzel
1433 3822 1462 3870 II
1479 3837 1505 3886 p.
1528 3830 1577 3886 525

431 3921 484 3958 n.1
507 3909 584 3958 refert
603 3909 636 3958 ad
649 3909 832 3968 Posidonium,
851 3925 914 3958 num
932 3915 1011 3968 recte,
1032 3909 1153 3972 equidem
1171 3909 1282 3957 maxime
1301 3907 1411 3975 dubitol.
1446 3909 1578 3974 Deinceps

431 4003 539 4046 tractata
562 4004 601 4048 est
626 4013 686 4062 pars
708 3997 818 4063 physica
847 3996 873 4066 [ξ
890 4009 939 4061 117
959 3994 1020 4063 sq.],
1051 4003 1105 4045 tum
1132 4013 1192 4062 pars
1217 3996 1302 4046 ethica
1321 3994 1347 4064 [ξ
1364 4008 1412 4059 129
1433 3995 1483 4064 sq]
1504 3998 1578 4047 tertia

431 4085 546 4151 denique
565 4102 624 4152 pars
648 4086 835 4152 philosophiae
858 4086 947 4149 logica
970 4083 985 4154 ξ
1004 4097 1052 4148 142
1076 4102 1091 4135 a
1115 4085 1242 4136 Cicerone
1267 4087 1458 4137 adnumeratur.
1477 4067 1511 4124 ζ-
1532 4087 1579 4135 Ad

430 4174 497 4224 hanc
522 4176 695 4238 disciplinam
718 4177 870 4240 sapientiae
889 4175 1001 4224 fortasse
1025 4173 1113 4223 referri
1132 4180 1221 4239 potest
1239 4173 1340 4233 titulus,
1368 4189 1445 4238 quem
1471 4174 1578 4224 tradidit

432 4263 502 4314 Sext.
529 4263 607 4328 Emp.
640 4263 698 4314 adv.
725 4262 804 4312 math.
833 4264 888 4312 VII
912 4274 974 4313 201:
1002 4255 1199 4326 Ἀντίοχος..
1221 4301 1226 4312 .
1247 4261 1277 4314 ἐν
1301 4266 1343 4329 τῷ
1370 4261 1495 4330 δευτέρῳ
1519 4265 1579 4314 τῶν

431 4352 595 4402 κανονικῶν.
614 4379 646 4388 -
667 4351 787 4400 Ceterum
810 4366 915 4416 oppono
935 4352 1014 4400 verba
1032 4349 1157 4399 Krischei
1177 4349 1295 4416 [Studien
1314 4366 1339 4415 p.
1363 4349 1437 4418 194]:
1457 4348 1500 4399 ‘In
1520 4352 1577 4400 dem

431 4438 539 4488 zweiten
558 4438 654 4487 Theile
673 4439 720 4488 des
740 4438 865 4488 Lucullus
886 4439 947 4488 dari
962 4439 1035 4488 nicht
1053 4437 1121 4487 nach
1140 4439 1212 4488 einer
1233 4438 1402 4487 bestimmten
1421 4438 1514 4501 Quelle
1534 4455 1577 4503 ge·

431 4527 499 4590 fragt
520 4525 649 4576 werden'.
687 4527 811 4586 Dielesio,
833 4529 899 4578 Dox.
920 4544 946 4593 p.
968 4539 1014 4576 121
1035 4522 1165 4576 ‘sirecte
1185 4526 1349 4576 aKrischeo
1369 4527 1575 4577 demonstratum

430 4621 471 4664 est
490 4643 523 4652 -
541 4631 590 4665 nec
613 4614 668 4665 scio
691 4616 750 4682 quis
769 4616 863 4665 audeat
881 4624 971 4666 contra
995 4615 1081 4665 dicere
1108 4643 1143 4653 -
1168 4614 1274 4664 Luculli
1297 4614 1402 4664 alteram
1427 4622 1524 4681 partem
1547 4631 1579 4666 ex
