3566 5406
247 723 377 780 rendum
398 729 456 794 est,
480 739 560 797 quae
582 741 622 779 ex
644 721 793 790 Panaetii,
816 739 895 797 quae
917 739 955 778 ex
970 719 1136 792 Posidonii,
1162 736 1241 794 quae
1264 735 1301 775 ex
1323 717 1387 776 He-

243 823 367 882 catonis
395 821 478 880 libris
508 823 605 899 petita
632 823 692 880 sint
720 821 772 896 [cf.
795 819 877 898 563.
906 821 955 897 89.
986 840 1033 897 ep.
1067 823 1108 880 ad
1126 821 1218 881 Attic.
1241 819 1316 878 XVI
1341 835 1388 888 11,

248 941 276 998 4.
309 941 355 997 14,
378 923 423 998 4].
466 925 538 1000 573
561 924 679 983 Tullius
702 925 801 982 redire
823 924 942 983 videtur
966 925 1007 980 ad
1024 940 1094 980 eum
1109 930 1274 999 auctorem,
1297 939 1388 998 quem

249 1025 264 1097 5
283 1041 323 1084 20
338 1043 404 1101 sqq.
427 1033 550 1084 secutus
567 1033 622 1086 est.
644 1026 716 1100 574
731 1033 764 1082 et
781 1026 797 1097 5
815 1023 850 1082 81
877 1025 906 1082 ei
926 1025 957 1082 in
981 1025 1159 1082 memoriam
1181 1023 1264 1081 venit
1285 1022 1389 1098 regula

247 1123 315 1202 521
341 1127 424 1186 data.
451 1158 485 1168 -
511 1126 582 1202 589
605 1127 776 1185 Hecatonis
799 1128 939 1202 exempla
961 1127 1152 1186 adhibentur.

347 1227 419 1302 596
441 1245 522 1286 nova
545 1228 706 1304 dispositio
733 1227 945 1286 introducitur.
989 1226 1078 1285 Haec
1105 1235 1249 1304 quattuor
1273 1225 1389 1285 virtuti·

246 1329 303 1386 bus
325 1329 473 1405 adaptata
495 1361 534 1370 —
557 1329 582 1388 si
604 1330 738 1405 excipias
761 1330 949 1404 §qo—115,
984 1328 1016 1386 in
1038 1329 1147 1404 quibus
1169 1330 1212 1387 ad
1238 1327 1388 1385 illustran-

249 1430 320 1487 dam
349 1430 557 1488 fortitudinem
589 1448 637 1488 res
659 1431 819 1488 Romanae
846 1438 1025 1488 enarrantur
1053 1437 1085 1487 et
1109 1437 1285 1501 tractantur,
1318 1447 1389 1488 cum

248 1533 371 1589 omnino
402 1534 544 1608 neglecta
573 1533 620 1602 sit,
655 1532 785 1590 fortasse
812 1550 831 1589 a
860 1530 1009 1591 Cicerone
1035 1532 1102 1608 ipso
1129 1549 1167 1588 ex
1194 1532 1270 1589 libro
1292 1531 1389 1608 primo

246 1633 385 1692 adhibita
406 1641 462 1704 est,
483 1642 518 1693 ut
536 1652 574 1691 ex
594 1634 688 1710 ipsius
711 1635 809 1692 verbis
825 1635 842 1706 5
858 1632 898 1709 96
921 1634 1058 1708 intellegi
1073 1642 1190 1711 potest:
1211 1623 1294 1691 ‘Sed
1315 1650 1389 1708 quo·

246 1736 328 1794 niam
350 1753 369 1792 a
392 1744 536 1812 quattuor
554 1736 689 1794 fontibus
711 1736 882 1793 honestatis
904 1736 1002 1811 primo
1025 1735 1100 1793 libro
1116 1735 1217 1793 officia
1238 1734 1388 1804 duximus,

246 1837 278 1894 in
309 1837 428 1895 eisdem
449 1855 610 1906 versemur,
641 1854 709 1894 cum
738 1837 917 1894 docebimus
939 1855 988 1906 ea,
1022 1855 1103 1913 quae
1132 1837 1292 1894 videantur
1320 1851 1389 1893 esse

246 1939 329 1996 utilia
351 1957 454 2015 neque
477 1939 547 2008 sint,
583 1954 675 2012 quam
696 1938 756 1995 sint
778 1937 893 1994 virtutis
916 1937 1046 1997 inimica.
1090 1938 1136 1996 Ac
1166 1938 1207 1995 de
1228 1935 1390 2013 prudentia

248 2039 381 2114 quidem,
415 2057 507 2115 quam
536 2041 598 2096 vult
631 2039 740 2097 imitari
764 2038 888 2108 malitia,
921 2041 1056 2114 itemque
1079 2040 1118 2095 de
1153 2038 1275 2104 iustitia,
1310 2055 1390 2115 quae

251 2160 371 2218 semper
400 2149 447 2199 est
469 2141 559 2218 utilis,
585 2141 772 2217 disputatum
795 2149 851 2200 est.
895 2141 1043 2216 Reliquae
1072 2149 1142 2198 sunt
1175 2141 1257 2198 duae
1286 2147 1390 2216 partes

223 2279 225 2286 ·
249 2240 430 2310 honestatis,
463 2259 590 2318 quarum
619 2243 714 2300 altera
740 2243 772 2299 in
802 2243 894 2300 animi
921 2243 1095 2300 excellentis
1120 2241 1332 2317 magnitudine
1359 2248 1390 2299 et

246 2343 435 2417 praestantia
467 2343 614 2412 cernitur,
648 2344 744 2401 altera
776 2343 807 2400 in
835 2343 1078 2402 conformatione
1113 2350 1144 2400 et
1176 2329 1390 2400 moderatione
1467 2323 1469 2327 Ι

247 2442 455 2500 continentiae
489 2451 521 2502 et
552 2429 800 2518 temperantiae³.
854 2445 957 2520 Atque
992 2453 1138 2519 quantum
1170 2451 1281 2519 postea
1311 2443 1390 2502 hanc

249 2543 481 2618 dispositionem
503 2553 625 2603 secutus
647 2545 686 2602 sit
707 2544 835 2614 TulliuS,
862 2555 991 2622 apparet
1014 2565 1050 2617 ex
1072 2544 1176 2618 5116,
1205 2544 1255 2602 ubi
1276 2542 1390 2600 brevis-

248 2646 323 2702 sime
346 2653 485 2721 quartam
506 2654 632 2722 partem,
665 2647 907 2721 temperantiam,
942 2647 1050 2721 tangit,
1082 2647 1123 2703 de
1144 2645 1211 2720 ipsa
1234 2651 1336 2703 autem
1357 2661 1391 2700 re

246 2746 404 2822 proposita
437 2747 499 2803 sere
522 2746 595 2804 nihil
617 2747 698 2804 dicit.
744 2746 815 2806 Non
837 2755 920 2805 recte
950 2755 1053 2806 autern
1075 2747 1178 2804 Baiter
1201 2745 1295 2804 verba
1317 2744 1389 2820 596

247 2841 311 2904 ‘Ac
332 2849 373 2906 de
393 2849 580 2924 prudentia.
600 2892 631 2908 ..
655 2843 892 2923 temperantiae'
915 2849 1071 2924 Vngerum
1086 2855 1209 2906 secutus
1231 2846 1390 2904 inclusisse

247 2947 375 3006 videtur.
419 2948 495 3006 Mihi
526 2949 607 3006 enirn
639 2949 796 3024 aptissime
823 2950 936 3024 scripta
969 2950 1110 3007 videntur
1141 2966 1210 3007 esse
1240 2965 1259 3004 a
1281 2946 1402 3017 Tulli0,·

245 3049 295 3123 qui
317 3065 398 3106 nunc
426 3049 502 3106 libro
525 3049 615 3106 tertio
644 3051 777 3107 eandem
803 3059 894 3126 atque
916 3051 1013 3126 primo
1041 3049 1275 3124 dispositionem
1303 3047 1390 3105 adhi-

246 3149 318 3205 bere
343 3149 398 3207 sibi
421 3149 547 3209 videtur.
582 3149 653 3208 Hoc
675 3151 844 3220 consilium,
867 3159 966 3209 totum
982 3151 1090 3208 librum
1114 3151 1156 3208 ad
1170 3149 1389 3225 aequalitatem

248 3258 280 3307 et
302 3259 417 3307 certam
438 3249 589 3308 rationem
610 3252 789 3321 reducendi,
822 3260 854 3309 et
875 3269 914 3310 eo
940 3251 1144 3326 cognoscitur,
1168 3251 1252 3326 quod
1272 3258 1307 3307 ut
1322 3251 1338 3322 5
1352 3264 1391 3324 74

247 3358 278 3407 et
300 3350 368 3421 581
401 3351 443 3407 ad
472 3350 553 3408 illam
578 3351 715 3426 regulam
736 3347 817 3427 521,
846 3352 890 3410 sic
913 3353 1005 3423 5102
1038 3352 1079 3410 ad
1104 3347 1176 3426 544
1198 3351 1320 3427 respicit
1342 3349 1392 3408 Ci-

248 3468 329 3510 cero.
373 3452 408 3509 In
430 3451 481 3509 illa
502 3460 606 3510 autem
632 3460 720 3529 parte
743 3453 920 3527 597-112
950 3470 1040 3527 quem
1064 3452 1170 3511 Cicero
1198 3461 1320 3510 secutus
1343 3451 1391 3520 sit,

247 3561 376 3628 apparet
407 3570 444 3608 ex
465 3552 596 3626 epistola
623 3555 665 3610 ad
685 3553 776 3612 Attic.
799 3545 940 3621 xvlir,
956 3570 989 3626 4:
1019 3547 1084 3614 ιΤὰ
1110 3549 1183 3628 περὶ
1208 3551 1266 3614 τοῦ
1295 3548 1392 3627 καθή-

247 3667 372 3726 κοντος,
407 3660 559 3727 quatenus
582 3652 757 3726 Panaetius,
790 3654 908 3712 absolvi
935 3655 1065 3713 dnobus.
1109 3654 1189 3712 Illius
1221 3663 1281 3712 tres
1304 3662 1391 3730 sunt;

246 3753 304 3810 sed
330 3771 398 3810 cum
420 3753 506 3811 initio
529 3753 680 3812 divisisset
701 3754 753 3830 ita,
777 3754 833 3811 tria
854 3771 969 3830 genera
990 3755 1171 3831 exquirendi
1193 3753 1286 3813 officii
1307 3771 1392 3812 esse:

246 3872 354 3922 unum,
377 3872 446 3913 cum
468 3855 680 3924 deliberemus,
710 3854 875 3913 honestum
897 3873 937 3914 an
959 3864 1045 3931 turpe
1068 3856 1120 3926 sit,
1151 3856 1290 3934 alterum,
1320 3855 1392 3913 utile

246 3971 286 4011 an
307 3955 422 4024 inutile,
446 3957 578 4026 tertium,
610 3974 680 4014 cum
701 3956 780 4015 haec
802 3957 880 4014 inter
902 3975 936 4014 se
957 3975 1094 4032 pugnare
1116 3957 1286 4032 videantur,
1316 3973 1391 4031 quo-

247 4055 341 4114 modo
363 4056 561 4116 iudicandum
583 4058 631 4124 sit,
653 4058 753 4132 qualis
775 4075 863 4114 causa
887 4057 1011 4134 Reguli,
1033 4059 1133 4117 redire
1153 4058 1307 4127 honestum,
1330 4075 1391 4114 ma·

248 4174 316 4212 nere
338 4157 428 4214 utz'le:
452 4160 499 4215 de.
515 4158 637 4217 duobus
660 4159 763 4235 primis
783 4159 940 4234 praeclare
964 4159 1121 4229 disseruit;
1154 4160 1194 4216 de
1216 4159 1306 4216 tertio
1328 4158 1391 4233 pol·

246 4256 350 4314 licetul
372 4275 406 4315 se
430 4258 593 4336 deinceps:
625 4260 681 4316 sed
703 4259 777 4317 nihil
804 4259 931 4334 scripsit.
976 4259 1054 4318 Eum
1083 4261 1186 4318 locum
1209 4257 1391 4317 Posidonius

243 4366 425 4433 persecutus
452 4367 508 4420 est.
553 4359 622 4434 Ego
644 4367 748 4417 autem
770 4368 802 4417 et
824 4361 888 4417 eius
912 4361 1019 4419 librum
1041 4361 1184 4419 arcessivi
1206 4355 1276 4418 etc‘.

343 4459 360 4532 5
384 4475 440 4535 113
465 4461 613 4537 deinceps
635 4479 675 4519 ex
696 4459 812 4537 Polybii
833 4461 993 4538 5115‘ex
1014 4461 1102 4521 Acilii
1122 4461 1202 4520 libris
1224 4460 1283 4519 loci
1304 4458 1390 4517 adhi-

150 4597 156 4600 -
241 4558 361 4620 bentur.
