3566 5406
714 583 921 641 ..55-

794 784 838 844 VI

344 897 490 956 Subditus
512 904 559 952 est
581 893 726 967 Aeschyli
752 893 882 951 Eumen.
912 907 968 964 105
999 909 1103 949 versus
1134 885 1186 952 ‘iv
1223 887 1324 974 ἡμέρᾳ
1356 893 1392 955 δὲ

247 1006 328 1084 μοῖρ’
351 1003 564 1082 ἀπρόσκοπος
587 999 735 1080 βροτῶν’.

788 1153 851 1212 VII

248 1344 250 1348 Ι
349 1267 540 1325 Alcibiadem
550 1265 718 1322 Alcibiadis
734 1263 834 1328 filium,
851 1281 943 1338 quem
954 1265 1080 1320 tradunt
1094 1263 1202 1336 Lysias
1219 1279 1261 1322 or.
1274 1262 1347 1322 XIV
1363 1270 1395 1318 et

249 1377 315 1446 XV,
328 1377 478 1434 Isocrates
495 1393 538 1434 or.
550 1373 631 1442 XVI,
647 1372 823 1447 Xenophon
837 1390 962 1432 memor.
975 1373 990 1430 I
1005 1389 1034 1446 3,
1052 1373 1070 1431 8
1086 1369 1139 1452 (cl.
1152 1372 1268 1431 conviv.
1277 1370 1322 1428 IV
1331 1387 1346 1428 2
1351 1366 1393 1446 3),

249 1482 421 1556 Archippus
439 1483 523 1555 apud
536 1479 614 1537 Plut.
627 1479 757 1551 Alc.l4,
779 1496 812 1535 re
836 1496 907 1535 vera
930 1495 1087 1553 nunquam
1108 1479 1203 1537 fuisse
1229 1481 1393 1539 contendo.

777 1629 852 1686 VIII

349 1742 482 1798 Hermae
510 1738 700 1814 Trismegisti
727 1735 799 1813 περὶ
831 1738 890 1800 τοῦ
917 1739 1027 1799 κοινοῦ
1055 1758 1084 1814 p.
1111 1754 1169 1811 104
1192 1741 1241 1798 ed.
1265 1739 1396 1815 Parthey

250 1852 446 1909 scribendum
463 1857 524 1906 est:
550 1844 615 1907 ‘ccl
638 1844 656 1907 ὁ
678 1847 756 1921 νοῦς
779 1843 838 1907 οὖν
862 1842 984 1921 ἀγαθός
999 1841 1239 1927 corrumpier>
1262 1844 1281 1908 ὁ
1301 1841 1397 1924 θεὸς)

251 1956 333 2035 ἅπερ
356 1956 443 2019 ἐστὶν
467 1953 567 2017 αὐτοῦ
589 1952 608 2030 ἡ
631 1953 742 2032 ψυχή’.

779 2107 868 2164 VIHI

349 2185 532 2275 InStobaei
554 2203 610 2274 ecl.
633 2216 720 2291 phys.
744 2216 913 2291 fragmenta
935 2216 1168 2273 Arei-Antiochi
1190 2217 1301 2274 insunt.

810 2367 841 2424 X

352 2481 470 2538 Seneca
490 2479 622 2536 imbutus
648 2477 703 2534 fuit
727 2477 845 2551 scriptis
862 2477 944 2545 Arei,
968 2495 1059 2551 quem
1084 2478 1124 2533 ad
1137 2477 1232 2536 Marc.
1250 2478 1291 2533 de
1313 2493 1398 2534 cons

252 2607 281 2663 4,
307 2606 322 2646 2
348 2597 379 2646 et
402 2587 431 2657 ό,
457 2605 468 2644 1
496 2589 606 2645 citavit.

800 2719 843 2776 XI

351 2834 500 2891 Senecam
522 2849 591 2888 cum
601 2829 749 2887 Cicerone
766 2829 996 2886 conferentibus
1018 2829 1114 2888 multa
1130 2838 1301 2897 occurrent,
1318 2847 1400 2904 quae

253 2943 417 3001 Antiochia
438 2942 643 2999 invenientur.

788 3081 848 3138 XII

355 3193 449 3250 Stoici
470 3193 635 3249 veteriores
659 3192 842 3249 dualismum
863 3191 938 3248 boni
959 3199 991 3248 et
1011 3191 1084 3248 mali
1106 3191 1287 3248 docuerunt.
1323 3189 1400 3246 Inde

256 3303 294 3359 ab
317 3303 488 3380 AntipatrO,
517 3319 586 3359 cum
608 3304 649 3359 ad
671 3300 864 3358 Platonicam
892 3301 1085 3376 disciplinam
1115 3301 1241 3375 propius
1270 3300 1402 3355 accede·

255 3419 331 3480 rent,
354 3410 466 3466 malum
485 3410 558 3466 nihil
579 3411 637 3466 nisi
660 3417 805 3482 negatum
824 3409 939 3466 bonum
960 3426 1030 3466 esse
1051 3417 1242 3484 putaverunt.

770 3559 844 3616 XIII

355 3673 545 3745 Argumenta
567 3671 667 3744 operis
689 3669 853 3737 Antiochii,
876 3687 894 3725 a
918 3667 1067 3726 Cicerone
1089 3670 1188 3726 Acad.
1204 3669 1232 3726 II
1254 3664 1402 3744 §114sq.

256 3780 439 3848 adumbrati,
471 3779 616 3853 compleri
645 3787 775 3854 possunt
804 3778 963 3852 explorata
993 3778 1204 3852 dispositione,
1240 3795 1333 3852 qnam
1355 3794 1403 3834 se·

256 3896 344 3944 cutus
377 3896 424 3945 est
445 3887 510 3948 Ioh.
542 3887 693 3944 Stobaeus
720 3883 822 3961 (Phot.
854 3888 926 3946 cod.
961 3880 1043 3960 167).
1098 3887 1149 3943 Ad
1182 3904 1291 3942 unum
1324 3903 1403 3960 opus

257 3997 463 4070 dogmaticum
492 3997 595 4053 similis
625 3996 832 4071 dispositionis
860 3995 1012 4052 referendi
1037 4004 1109 4053 sunt
1136 3996 1203 4053 libri
1224 3995 1309 4052 Sexti
1331 3995 1402 4052 Em-

256 4105 351 4178 pirici.
388 4104 468 4161 Tum
490 4107 599 4161 rudera
621 4106 776 4181 quaedam
797 4104 828 4161 in
844 4103 981 4162 Senecae
1005 4105 1140 4180 epistulis
1163 4105 1277 4172 insunt,
1294 4105 1403 4178 quibus

257 4213 366 4270 divisio
389 4213 551 4271 Antiochia
574 4215 778 4288 cognoscitur.

779 4365 866 4422 XllII

357 4472 525 4548 Scriptores
548 4474 747 4531 ecclesiastici
769 4475 815 4531 usi
839 4483 910 4531 sunt
929 4474 1021 4543 libris,
1043 4475 1075 4531 in
1097 4473 1207 4548 quibus
1233 4473 1404 4530 sentcntiae

257 4581 506 4657 philosophorum
535 4583 705 4638 secundum
731 4600 833 4639 rerum
870 4582 1010 4640 ordinem
1034 4583 1223 4657 compositae
1246 4591 1334 4639 erant
1366 4599 1404 4640 eo
