3566 5406
863 468 1065 526 ,44-

409 641 529 698 dendos
556 637 779 714 Calliphontem
798 645 829 694 et
843 636 1068 696 Dinomachum
1089 638 1203 712 iudico,
1228 638 1280 713 qui
1295 655 1328 695 se
1344 637 1547 715 dirempturos

409 741 648 800 controversiam
670 746 851 814 putaverunt
874 738 898 795 si
920 757 989 796 cum
1005 738 1167 798 honestate
1182 739 1370 814 voluptatem
1392 747 1548 817 tamquam

409 860 478 900 cum
499 840 621 899 homine
644 840 798 915 pecudem
813 834 1067 918 copulavissent',
1086 857 1159 897 num
1178 839 1340 914 dubitabis,
1364 840 1437 914 quin
1460 839 1548 898 Cice·

407 943 489 1000 ronis
512 949 619 999 auctor
650 957 719 998 cum
749 958 781 997 re
809 941 900 997 etiam
923 957 1036 998 nomen
1069 936 1239 999 invenerit?
1272 939 1375 1014 Atque
1407 942 1547 999 eiusdem

407 1043 517 1102 Graeci
540 1041 683 1120 auctoris,
706 1041 775 1098 dico
790 1040 942 1118 Antiochi,
965 1041 1093 1116 vestigia
1107 1041 1210 1098 inesse
1226 1041 1363 1098 videmus
1379 1041 1412 1098 in
1424 1039 1548 1099 Senecae

407 1145 494 1221 epist.
518 1159 568 1221 92,
595 1157 612 1215 5
633 1159 692 1218 sq.:
717 1128 897 1216 ‘Antipater
918 1158 1041 1218 quoque
1066 1141 1146 1200 inter
1172 1158 1301 1216 magnos
1330 1149 1435 1199 sectae
1456 1140 1545 1199 huius

407 1252 549 1303 auctores
565 1241 681 1317 aliquid
696 1258 729 1300 se
745 1239 876 1298 tribuere
888 1241 961 1298 dicit
977 1241 1119 1314 externis,
1136 1243 1194 1299 sed
1204 1242 1346 1316 exiguum
1358 1243 1545 1301 admodum.

409 1347 494 1403 vides
516 1352 619 1401 autern
630 1342 721 1420 quale
746 1342 794 1416 sit,
818 1341 868 1398 die
891 1339 1084 1421 [Buecheler,
1107 1343 1173 1401 sole
1194 1338 1314 1420 Haase]
1337 1352 1368 1400 te
1392 1361 1454 1400 non
1475 1361 1546 1401 esse

406 1453 583 1504 contentum
604 1443 662 1500 nisi
686 1441 794 1517 aliquis
813 1441 960 1516 igniculus
983 1439 1151 1501 adluxerit?
1184 1444 1268 1518 quod
1294 1451 1399 1520 potest
1430 1444 1461 1501 in
1488 1443 1547 1501 hac

406 1546 543 1604 claritate
568 1543 640 1602 solis
661 1542 776 1601 habere
797 1531 928 1601 scintilla
949 1540 1159 1602 momentum?
1193 1539 1327 1621 [Eadem
1359 1545 1423 1603 fere
1445 1544 1546 1602 simili-

405 1646 513 1704 tudine
536 1644 580 1703 uti
602 1644 722 1702 solebat
744 1642 911 1701 Antiochus
935 1643 973 1704 cl.
996 1643 1058 1706 Cic.
1082 1646 1123 1702 de
1145 1644 1327 1721 fin.11145.
1349 1645 1394 1704 IV
1411 1661 1542 1722 29-31.

405 1747 434 1804 V
459 1761 493 1823 71
520 1753 552 1804 et
574 1741 639 1823 qo].
674 1743 705 1802 Si
727 1762 790 1803 non
811 1761 845 1802 es
867 1744 934 1802 sola
955 1744 1119 1804 honestate
1140 1754 1312 1825 contentus,
1347 1763 1476 1805 necesse
1499 1754 1545 1803 est

404 1854 457 1907 aut
479 1846 614 1924 quietem
636 1845 717 1905 adici
751 1845 834 1921 velis,
865 1863 958 1922 quam
979 1841 1158 1923 ἀοχλησίαν
1192 1856 1303 1906 vocant
1335 1847 1455 1924 Graeci,
1492 1855 1545 1904 aut

405 1950 604 2026 voluptatem:
627 1948 735 2006 horum
757 1948 885 2006 alterum
908 1956 1073 2025 utcumque
1097 1949 1191 2026 recipi
1206 1931 1327 2026 potest:
1351 1958 1440 2008 vacat
1461 1949 1544 2006 enim

404 2050 520 2110 animus
542 2049 683 2108 molestia
708 2048 783 2107 liber
806 2049 849 2106 ad
869 2048 1041 2124 inspectum
1063 2050 1204 2125 universi,
1227 2050 1359 2126 nihilque
1375 2050 1456 2108 illum
1472 2066 1544 2107 avo·

404 2158 454 2210 cat
478 2170 498 2208 a
530 2149 786 2225 contemplatione
808 2157 936 2208 naturae
952 2196 959 2210 .
975 2151 1101 2208 alterum
1123 2152 1209 2230 illud,
1246 2152 1395 2227 voluptas,
1428 2151 1544 2207 bonum

337 2232 344 2244 ⁵
403 2251 521 2329 pecoris
536 2260 584 2310 est
595 2294 697 2312 .....
719 2249 856 2308 fecerunt
870 2250 1008 2309 animalis
1022 2253 1249 2328 generosissimi
1264 2270 1414 2312 summum
1428 2251 1544 2308 bonurn

404 2353 570 2412 demissum
591 2360 624 2410 et
644 2351 785 2426 ignobile,
808 2354 1116 2428 praetereamixtum
1142 2363 1422 2430 portentosumque,
1452 2361 1485 2409 et
1506 2368 1544 2408 ex

404 2455 530 2513 diversis
551 2471 588 2512 ac
621 2453 700 2510 male
723 2454 959 2529 congruentibus
980 2456 1122 2512 membris
1138 2501 1144 2513 .
1159 2474 1232 2516 nam
1263 2466 1297 2514 ut
1328 2455 1372 2513 ait
1394 2455 1543 2530 Vergilius

403 2564 509 2615 noster
539 2555 571 2612 in
598 2553 697 2631 Scylla
719 2548 790 2614 etc’
821 2553 936 2612 Totum
958 2552 1021 2612 fere
1036 2556 1137 2614 locum
1161 2556 1316 2634 exscripsi,
1340 2565 1374 2614 ut
1395 2557 1543 2614 rationem

403 2657 556 2716 scribendi
586 2655 723 2715 Senecae
748 2655 854 2732 paucis
882 2657 1037 2714 illustrem.
1082 2657 1162 2716 Nam
1184 2666 1218 2714 ut
1238 2658 1303 2734 ipse
1326 2659 1447 2734 saepius
1470 2676 1544 2716 con·

404 2759 503 2818 fessus
526 2766 583 2833 est,
607 2775 727 2833 semper
755 2756 818 2815 fere
847 2775 885 2815 ea
913 2776 994 2834 quae
1016 2758 1054 2817 ab
1082 2759 1255 2817 auctoribus
1288 2759 1400 2836 scripta
1427 2758 1544 2815 invenit

404 2861 554 2936 corrigere
582 2866 711 2917 conatus
745 2865 793 2915 est
815 2867 846 2914 et
869 2860 1006 2918 mutavit.
1040 2859 1088 2918 Ita
1108 2859 1168 2918 hoc
1201 2861 1269 2918 loco
1303 2890 1343 2900 -
1374 2859 1542 2942 quodiam

403 2961 561 3021 adnotavit
583 2960 684 3018 Hirzel
704 2959 734 3018 Π
755 2978 784 3036 p.
803 2974 904 3035 249,1
934 2992 976 3002 -—
1003 2961 1200 3037 Antipatrum
1215 2960 1367 3020 Antiocho
1389 2960 1542 3035 opposuit.

402 3063 482 3123 Tum
502 3062 808 3122 animadvertendum
829 3069 886 3138 est,
919 3064 1075 3137 quomodo
1098 3064 1210 3120 eadem
1243 3061 1437 3120 similitudine
1470 3076 1541 3117 usus

403 3166 442 3224 sit
463 3173 555 3240 atque
577 3163 756 3224 Antiochus.
789 3161 849 3220 Hic
881 3164 963 3220 enim
996 3165 1114 3222 dixerat
1141 3173 1269 3223 externa
1290 3164 1342 3222 illa
1374 3164 1457 3220 bona
1479 3170 1542 3219 tam

402 3282 494 3342 parva
527 3273 558 3323 et
591 3265 700 3340 exigua
732 3281 810 3336 esse,
844 3272 879 3322 ut
907 3266 1211 3341 quemadmodum
1243 3265 1368 3322 lucerna
1389 3264 1420 3322 in
1449 3262 1541 3320 radiis

402 3366 484 3440 solis,
506 3367 551 3424 sic
571 3366 631 3424 ista
644 3366 676 3424 in
692 3365 834 3424 virtutum
849 3366 1013 3443 splendore
1028 3385 1069 3424 ne
1085 3375 1247 3424 cernantur
1267 3366 1400 3442 quidem.
1422 3363 1542 3423 Seneca

401 3467 645 3543 interrogationis
667 3466 766 3525 forma
780 3483 853 3525 usus
875 3485 940 3524 rem
955 3469 1052 3526 verbis
1068 3469 1161 3529 auxit.
1192 3469 1272 3527 Turn
1289 3468 1341 3525 ubi
1359 3465 1542 3524 Dinomachi

401 3570 516 3628 bonum
539 3568 707 3647 Scyllaeum
727 3569 914 3644 appellatum
936 3586 1007 3627 esse
1022 3571 1106 3646 vidit,
1127 3570 1270 3628 illustrius
1291 3587 1356 3628 rem
1375 3568 1542 3628 declaravit

402 3679 433 3730 et
453 3670 568 3746 Vergili
590 3687 695 3729 versus
711 3670 841 3730 addidit.
864 3670 936 3728 Toti
952 3671 1087 3746 denique
1103 3669 1297 3747 explicationi
1312 3671 1431 3728 subecit
1448 3665 1476 3745 (ξ
1493 3666 1541 3742 10)

400 3776 500 3833 locum
522 3790 561 3830 ex
592 3773 673 3831 libris
696 3771 863 3831 Posidonii.
908 3770 1053 3847 Vndique
1085 3773 1176 3847 igitur
1209 3773 1378 3831 sententias
1403 3779 1540 3847 arreptas

400 3893 470 3935 esse
494 3875 640 3935 videmus.
1059 3877 1065 3891 ²
1142 3889 1143 3893 ’

499 3977 606 4036 Errare
640 3984 742 4034 autem
774 3976 939 4049 contendo,
974 3976 1025 4050 qui
1058 3985 1091 4034 ut
1124 3975 1258 4035 Corssen
1292 3974 1346 4049 [de
1375 3975 1540 4034 Posidonio

399 4079 532 4158 Rhodio,
565 4079 637 4137 diss.
662 4077 759 4136 Bonn.
788 4076 866 4152 1878
889 4095 919 4154 p.
940 4075 993 4153 27]
1029 4095 1068 4134 ex
1089 4077 1146 4136 hac
1169 4074 1241 4154 §10
1263 4079 1401 4137 subiecta
1433 4087 1465 4136 et
1486 4077 1538 4152 §3

400 4181 575 4256 praeposita
596 4177 754 4237 Posidonii
769 4178 922 4236 sententia
937 4179 1189 4236 concludendum
1205 4196 1273 4236 esse
1288 4186 1384 4254 putet,
1407 4177 1539 4254 reliquas

400 4282 493 4338 etiam
515 4281 664 4357 epistulae
685 4288 787 4355 partes
805 4297 844 4337 ex
866 4279 945 4336 illius
960 4279 1041 4336 libris
1057 4288 1193 4355 sumptas
1213 4296 1293 4337 esse.
1323 4278 1402 4336 Nam
1421 4279 1540 4337 Seneca

288 4386 292 4402 ¹
399 4384 465 4456 ipse
488 4399 536 4454 eo,
569 4382 654 4459 quod
676 4380 834 4438 Posidonii
857 4397 970 4437 nomen
992 4381 1088 4458 affert,
1121 4381 1237 4439 indicat
1263 4398 1296 4438 se
1318 4381 1395 4438 illius
1417 4388 1539 4439 senten·

399 4487 472 4542 tiam
495 4484 538 4541 eis
560 4485 693 4558 adicere,
714 4499 794 4558 quae
816 4501 854 4540 err
879 4482 944 4540 aliis
968 4483 1087 4558 scriptis
1103 4484 1250 4558 petiverit.
1280 4483 1353 4540 Eius
1367 4482 1540 4557 philosophi
