3566 5406
867 525 1072 603 ..38-

393 712 609 772 Theodoretns
631 713 662 771 in
683 714 747 772 aliis
770 714 860 771 rebus
882 714 924 770 ad
946 715 1069 772 verbum
1085 712 1149 770 iere
1171 712 1309 788 congruit
1331 706 1382 790 [ci.
1399 705 1530 788 ἀσεβεῖς

394 809 573 888 εἶναιτοὺς
596 811 634 875 τὸ
656 811 826 891 συμφέρον
847 814 905 876 τοῦ
929 811 1052 876 δικαίου
1073 811 1269 891 χωρίζοντας
1293 822 1324 871 et
1347 805 1427 894 alial.
1461 814 1538 887 Quis

393 914 482 972 inerit
503 915 552 973 ille
583 923 699 989 auctor,
723 916 808 974 cuius
831 915 924 991 ipsius
948 916 1039 974 libros
1074 917 1238 992 scriptores
1269 915 1472 973 ecclesiastici
1494 916 1538 973 in-

395 1017 559 1092 spexerint,
575 1017 696 1087 nescio;
717 1017 750 1074 id
770 1019 926 1075 contendo
946 1017 1115 1076 sententias
1135 1017 1199 1076 illas
1215 1018 1255 1074 de
1271 1017 1399 1075 Platone
1415 1033 1540 1091 compo·

394 1117 469 1174 sitas
491 1135 561 1174 esse
583 1118 623 1174 ab
645 1119 757 1176 eodem
772 1126 898 1176 auctore
914 1135 1005 1194 quem
1024 1118 1113 1176 Arius
1136 1118 1297 1193 excerpsit,
1319 1117 1358 1176 ab
1374 1115 1538 1175 Antioche.

495 1216 584 1275 Nunc
617 1219 658 1275 de
685 1218 757 1294 ipsis
786 1214 891 1276 rebusl
927 1219 1039 1277 Multos
1073 1219 1212 1277 videmus
1238 1217 1437 1294 philosophos
1470 1235 1538 1276 esse

395 1326 590 1376 enumeratos
624 1313 693 1377 sine
727 1319 808 1376 omni
832 1319 894 1377 iere
927 1320 1043 1378 ordine.
1088 1318 1197 1395 Neque
1230 1318 1375 1394 equidem
1406 1317 1538 1377 intellexi

394 1437 465 1478 num
478 1421 563 1495 qnod
577 1417 720 1478 Clemens
741 1421 807 1496 ipse
828 1420 860 1477 in
880 1420 940 1478 hac
961 1421 1193 1478 enumeratione
1208 1419 1367 1479 consilium
1385 1429 1538 1495 sequatur.

392 1520 430 1578 ld
451 1519 597 1588 intellexi,
620 1520 760 1580 ordinem
782 1523 957 1596 quemdam,
993 1522 1045 1596 qui
1078 1521 1217 1579 fueritin
1239 1521 1394 1596 catalogo,
1421 1529 1538 1595 pertur-

291 1622 294 1630 '
392 1621 500 1679 batum
522 1637 601 1682 esse.
645 1621 761 1696 Singuli
782 1621 864 1680 enim
885 1621 1060 1698 philosophi
1081 1623 1160 1681 inter
1181 1635 1216 1680 se
1243 1621 1388 1698 coniungi
1408 1629 1538 1698 possunt

392 1723 498 1796 itaque
520 1722 658 1798 singulae
689 1731 791 1798 partes
817 1723 1042 1784 discernuntur.
1076 1719 1093 1799 ξ
1119 1737 1175 1800 1²7
1203 1722 1295 1799 igitur
1326 1723 1346 1782 ii
1365 1722 1537 1799 philosophi

394 1820 582 1891 adseruntur,
606 1823 657 1898 qui
679 1823 719 1880 ab
741 1823 895 1882 Antiocho
928 1824 1044 1900 primae
1077 1832 1110 1883 et
1131 1825 1288 1883 secundae
1318 1823 1395 1884 illius
1415 1823 1537 1882 tabulae

392 1924 471 1999 parti
492 1923 584 1981 inseri
606 1923 756 1982 solebant.
784 1923 861 1982 Sunt
874 1924 920 1985 hi:
943 1925 1102 2000 Epicurus
1124 1923 1292 2001 Cyrenaici,
1316 1923 1536 1994 Dinomachus,

392 2021 540 2102 Callipho,
561 2024 612 2099 qui
632 2025 828 2101 voluptatem,
850 2025 1065 2103 Hieronymus,
1089 2026 1253 2096 Diodonrs,
1277 2027 1327 2102 qui
1347 2026 1481 2102 quietem
1495 2026 1537 2083 ad

391 2126 602 2184 definiendum
632 2144 783 2185 summum
824 2128 940 2186 bonum
972 2129 1169 2188 adhibebant.
1201 2125 1219 2206 ξ
1245 2126 1301 2186 128
1330 2126 1413 2186 aliud
1445 2136 1538 2202 caput

392 2225 542 2304 incipitur.
586 2227 737 2300 Quaestio
772 2229 852 2287 enim
874 2228 917 2299 fit,
948 2230 1022 2307 quid
1045 2230 1084 2288 sit
1104 2225 1142 2290 τὸ
1163 2228 1294 2306 πρῶτον
1315 2221 1443 2304 οἰκεῖον,
1474 2244 1536 2304 qua

393 2328 434 2385 de
455 2346 488 2385 re
518 2327 650 2403 Epicuri,
675 2327 920 2406 Cyrenaicorum,
945 2329 1225 2406 Calliphonteorum
1257 2329 1431 2388 sententiae
1461 2329 1535 2386 aiie·

390 2438 508 2503 runtur.
548 2429 627 2488 Tum
650 2430 914 2490 Aristotelicorum
936 2433 969 2492 id
991 2443 1040 2491 est
1059 2433 1242 2491 veteriorum
1262 2430 1536 2507 Peripateticorum

390 2531 531 2590 definitio
554 2532 661 2590 summi
688 2533 762 2590 boni
784 2532 961 2609 explicatur.
996 2535 1139 2610 Sequitur
1158 2533 1265 2593 schola
1286 2532 1398 2602 Stoica,
1421 2532 1536 2607 inqua

391 2649 452 2690 una
475 2633 552 2690 ordo
576 2649 789 2692 successorum
812 2642 949 2692 servatus
980 2641 1035 2694 est.
1079 2633 1236 2710 Deinceps
1272 2631 1534 2702 sustenturus,

393 2732 534 2809 Sceptici‚
551 2734 729 2792 Academici
746 2744 960 2810 recensentur;
982 2743 1046 2794 tum
1061 2734 1256 2811 Peripatetici
1271 2733 1387 2809 Lycon,
1402 2749 1535 2807 quocum

393 2833 569 2910 Leucippus
593 2843 798 2911 comparatur,
819 2844 851 2893 et
874 2835 1043 2904 Critolaus;
1065 2835 1095 2893 hi
1119 2845 1189 2894 sunt
1210 2835 1399 2895 recentiores
1410 2833 1535 2910 Peripa·

387 2935 481 3014 tetici,
526 2951 595 2994 cum
623 2935 809 3011 antiquiores
835 2945 927 2995 antea
959 2936 1083 2995 nomine
1116 2935 1288 2995 Aristotelis
1322 2934 1534 3010 comprehensi

389 3035 459 3093 sint.
503 3034 575 3095 Duo
598 3054 712 3110 genera
735 3036 1010 3114 Peripateticorum
1031 3037 1259 3113 distinguuntur
1289 3043 1322 3093 et
1343 3053 1362 3093 a
1384 3033 1533 3093 Cicerone

389 3136 429 3195 de
451 3136 501 3195 lin.
515 3132 575 3213 V5
594 3153 724 3216 12-14,
745 3138 797 3196 ubi
816 3139 949 3196 minutus
973 3137 1133 3213 catalogus
1148 3137 1225 3195 illius
1249 3136 1374 3195 scholae
1397 3134 1534 3194 adfertur

388 3229 440 3312 [cf.
466 3237 588 3313 Zumpt,
619 3237 724 3297 Ueber
745 3240 807 3298 den
830 3238 969 3298 Bestand
990 3239 1046 3297 der
1070 3238 1141 3315 phil.
1165 3237 1296 3297 Schulen
1318 3247 1377 3297 etc.
1400 3236 1532 3313 Abhdlg.

389 3338 420 3396 d.
444 3336 521 3398 Berl.
546 3339 643 3399 Acad.
670 3337 747 3413 1842
771 3358 800 3416 p.
816 3335 883 3418 91].
918 3339 1078 3399 Dubitatio
1100 3357 1173 3417 ergo
1196 3339 1239 3409 fit,
1265 3346 1366 3396 utrum
1390 3337 1533 3396 Clemens

388 3437 539 3515 Leucippi
559 3457 672 3498 nomen
694 3441 864 3509 inseruerit,
888 3442 973 3516 quod
1004 3440 1068 3499 lieri
1089 3441 1199 3518 potuit,
1233 3457 1302 3498 cum
1332 3440 1462 3498 sciamus
1485 3457 1533 3498 or·

385 3539 488 3597 dinem
512 3541 550 3598 ab
572 3540 784 3599 Alexandrino
807 3558 877 3600 esse
898 3543 1115 3619 perturbatum,
1141 3561 1180 3600 an
1201 3541 1379 3602 recentioris
1402 3540 1530 3599 alicuius

385 3641 582 3717 Peripatetici
603 3659 717 3700 nomen
739 3643 770 3700 in
792 3642 847 3700 illis
870 3643 977 3701 litteris
1000 3644 1103 3704 lateat.
1149 3642 1217 3715 Qua
1243 3645 1284 3702 de
1305 3661 1339 3701 re
1362 3641 1531 3700 diiudicare

384 3761 448 3801 non
461 3744 563 3801 audeo
573 3735 584 3813 ;Ι
601 3744 625 3802 si
639 3743 875 3820 Peripateticum
886 3744 991 3814 mavis,
1007 3744 1136 3803 fortasse
1150 3745 1263 3804 scribas
1277 3739 1447 3829 Λυκίσκος,
1469 3761 1531 3822 quo

387 3845 427 3901 de
450 3843 633 3920 philosopho
655 3854 779 3920 praeter
793 3863 906 3903 nomen
920 3845 993 3903 nihil
1015 3846 1104 3903 nobis
1120 3846 1268 3904 traditum
1290 3854 1339 3903 est
1354 3839 1407 3923 [ci.
1421 3846 1531 3922 Zumpt

382 3945 399 4003 l.
418 3940 470 4023 c.].
508 3977 544 3987 -
569 3941 586 4023 ξ
606 3961 666 4020 130
687 3946 799 4005 rudera
822 3946 987 4004 afferuntur
1010 3947 1143 4021 catalogi
1164 3946 1360 4023 physicorum
1383 3956 1529 4007 veterum.

383 4043 471 4105 Ordo
492 4047 687 4122 perturbatus
711 4056 768 4116 est,
791 4064 863 4104 nam
891 4047 1109 4121 Apollodorus,
1141 4048 1194 4124 qui
1227 4044 1435 4124 Pythagoreus
1458 4064 1528 4106 esse

381 4147 512 4222 videtur,
544 4146 624 4204 inter
659 4146 872 4206 Democriteos
904 4148 1023 4222 positus
1060 4155 1117 4208 est.
1171 4146 1359 4218 Diotimum,
1391 4149 1529 4206 ultimum

384 4245 624 4318 Democriteum,
647 4257 816 4323 sequuntur
827 4247 1028 4307 Antisthenes
1052 4256 1082 4305 et
1103 4248 1267 4318 Annicerii,
1288 4247 1398 4324 quibus
1420 4249 1530 4308 adiun-

381 4347 462 4422 gitur
489 4347 697 4408 Metrodorus.
741 4349 821 4407 Tum
848 4349 983 4423 denique
1014 4349 1139 4407 affertur
1169 4349 1258 4408 Plato
1291 4358 1323 4407 et
1350 4349 1529 4408 Academici

382 4466 481 4525 usque
503 4450 546 4507 ad
567 4448 775 4510 Polemonem.
807 4449 872 4509 Has
898 4451 1032 4525 singulas
1056 4451 1149 4509 totius
1173 4451 1307 4528 catalogi
1327 4459 1432 4528 partes
1447 4449 1529 4508 clare

379 4551 555 4626 perspicere
577 4567 750 4626 possumus.
794 4550 902 4624 Qualis
925 4559 1030 4610 autem
1052 4550 1144 4610 suerit
1171 4569 1279 4611 earum
1302 4553 1390 4622 ordo,
1420 4550 1530 4609 frustra
