3566 5406
869 516 1075 578 ..1⁶-

405 705 496 764 etiam
513 703 662 764 Aristonis
685 695 837 762 difficilem
859 711 953 779 atque
969 704 1106 772 arduam,
1129 704 1185 762 sed
1208 704 1269 762 iam
1291 712 1395 763 tamen
1417 705 1544 764 fractam

403 814 434 863 et
457 806 629 863 convictam
659 813 775 864 sectam
797 805 894 863 secuti
927 813 1012 874 sunt,
1047 813 1081 862 ut
1102 805 1260 864 virtutibus
1289 807 1424 882 exceptis
1452 815 1544 883 atque

400 907 478 965 vitiis
510 915 613 964 cetera
633 907 665 962 in
693 923 809 964 summa
836 905 1022 981 aequalitate
1043 914 1203 982 ponerent,
1236 906 1271 965 iis
1294 907 1435 965 omnibus
1458 907 1542 977 haec,

403 1025 482 1084 quae
514 1008 583 1081 dixi,
617 1007 793 1084 probentur.
835 1022 886 1082 39.
917 1005 982 1064 Sibi
1014 1014 1118 1064 autem
1147 1006 1332 1083 indulgentis
1365 1015 1396 1065 et
1425 1008 1544 1084 corpori

403 1111 603 1168 deservientis
623 1117 715 1184 atque
737 1107 850 1176 omnia,
879 1124 957 1182 quae
979 1114 1146 1183 sequantur
1167 1106 1199 1165 in
1221 1109 1282 1167 vita
1302 1125 1445 1185 quaeque
1468 1108 1543 1183 fugi·

403 1221 465 1282 ant,
487 1210 692 1287 voluptatibus
714 1217 746 1267 et
768 1208 922 1267 doloribus
944 1208 1156 1284 ponderantis‚
1185 1209 1277 1268 etiam
1299 1209 1325 1267 si
1346 1227 1418 1267 vera
1437 1209 1545 1266 dicunt

404 1343 442 1353 -
464 1311 537 1369 nihil
569 1312 650 1370 enim
673 1329 751 1387 opus
780 1318 828 1368 est
859 1310 918 1367 hoc
949 1310 1018 1368 loco
1049 1305 1174 1367 litibus1
1197 1341 1238 1352 -
1264 1310 1296 1368 in
1328 1310 1453 1370 hortulis
1482 1311 1544 1369 suis

404 1412 564 1470 iubeamus
594 1413 708 1481 dicere,
741 1419 833 1486 atque
855 1410 949 1468 etiam
971 1411 1010 1468 ab
1037 1411 1119 1468 omni
1148 1410 1298 1470 societate
1324 1412 1367 1468 rei
1391 1411 1541 1487 publicae,

402 1513 486 1571 cuius
507 1521 627 1590 partem
648 1531 707 1570 nec
729 1519 840 1570 norunt
861 1512 955 1569 ullam
979 1529 1081 1588 neque
1103 1529 1238 1588 unquam
1259 1529 1351 1570 nosse
1374 1513 1544 1592 voluerunt,

402 1615 555 1691 paulisper
574 1615 730 1673 facessant
751 1631 896 1690 rogemus
904 1609 929 1690 2,
960 1613 1335 1673 Perturbatricem'autem
1349 1614 1456 1674 harum
1478 1634 1543 1674 om-

400 1716 483 1773 nium
505 1733 604 1774 rerum
625 1715 835 1782 Academiam,
869 1715 950 1773 hanc
971 1716 1011 1772 ab
1033 1714 1171 1772 Arcesila
1202 1723 1234 1772 et
1257 1713 1418 1774 Carneade
1440 1734 1545 1775 recen·

403 1824 474 1889 tem,
510 1834 671 1875 exoremus
694 1824 728 1874 ut
755 1817 858 1885 sileat;
890 1834 961 1874 nam
983 1815 1008 1873 si
1029 1815 1173 1874 invaserit
1199 1815 1230 1872 in
1250 1816 1336 1891 haec,
1368 1835 1446 1894 quae
1469 1820 1543 1878 satis

402 1918 479 1975 scite
500 1918 588 1976 nobis
611 1918 756 1976 instructa
777 1925 809 1974 et
833 1917 1004 1992 composita
1018 1916 1167 1986 videntur,
1191 1919 1316 1975 miseras
1339 1920 1413 1978 edet
1434 1921 1544 1982 ruinas.

404 2016 506 2089 Quam
528 2017 653 2093 quidem
676 2034 734 2092 ego
756 2017 878 2093 placare
898 2017 997 2092 cupio,
1020 2018 1202 2075 submovere
1223 2035 1287 2074 non
1308 2015 1450 2082 audeo’i.

503 2119 605 2194 Atque
633 2118 744 2176 eadem
776 2113 858 2175 duot
889 2134 1004 2194 genera
1034 2117 1294 2193 philosophorum,
1327 2137 1432 2178 eorum
1463 2122 1546 2195 dico,

406 2220 458 2294 qui
480 2228 552 2278 ante
576 2219 734 2278 Platonem
756 2218 803 2276 vel
825 2226 946 2294 praeter
967 2236 1038 2276 eum
1062 2218 1109 2291 [ut
1131 2218 1287 2295 Megarici,
1314 2220 1450 2291 Eleatici,
1478 2209 1557 2301 alii}

405 2331 436 2378 et
462 2321 514 2398 qui
534 2330 605 2397 post
627 2319 757 2391 fuerunt,
789 2320 1015 2396 distinguuntur
1036 2319 1119 2395 §36,
1152 2321 1204 2378 ubi
1227 2320 1333 2380 Cicero
1353 2324 1410 2382 illis
1437 2327 1546 2382 veteri·
1633 2317 1638 2326 '

404 2425 461 2482 bus
495 2439 548 2480 eos
577 2422 716 2498 opponit,
745 2415 812 2496 ‘qui
837 2423 923 2496 quasi
953 2421 1090 2481 officinas
1116 2422 1322 2480 instruxerunt
1353 2420 1545 2500 sapientiae’.

408 2527 663 2586 Concludendum
684 2527 773 2600 igitur
794 2533 852 2601 est,
875 2525 905 2582 in
929 2525 1010 2584 libris
1033 2525 1168 2596 Graecis,
1203 2543 1280 2600 quos
1303 2525 1420 2584 Tullius
1443 2545 1545 2586 excer-

407 2629 476 2705 psit,
506 2636 604 2686 totum
625 2626 719 2685 fuisse
740 2626 921 2700 catalogum,
944 2626 1028 2684 cuius
1049 2627 1161 2684 rudera
1189 2627 1342 2702 quaedam
1363 2628 1463 2686 multis
1485 2629 1545 2686 iam

405 2729 479 2786 locis
503 2728 681 2789 invenimus.

505 2830 643 2906 Respicit
664 2828 772 2888 Cicero
794 2830 907 2888 deinde
933 2830 977 2888 ad
998 2829 1078 2889 hunc
1097 2831 1198 2890 locum
1217 2827 1233 2906 ἓ
1249 2845 1288 2906 52
1304 2849 1350 2907 sq.
1383 2839 1414 2890 et
1445 2832 1546 2908 ipsum

407 2939 565 2990 auctorem
585 2930 747 3000 Graecum,
769 2931 965 3006 Antiochum,
987 2931 1126 2989 nominat
1149 2926 1179 3007 [ξ
1194 2924 1249 3008 54]
1271 2932 1323 3011 ita,
1343 2940 1376 2990 ut
1398 2932 1457 2990 nisi
1478 2949 1546 3007 gra·

407 3031 528 3090 vissima
550 3039 728 3106 argumenta
750 3032 929 3107 obiciantur,
951 3032 1197 3090 concludendum
1220 3031 1267 3102 sit,
1291 3031 1479 3105 Ciceronem,
1500 3032 1545 3088 ni-

405 3134 512 3192 mirum
535 3133 670 3209 exceptis
702 3133 748 3202 iis,
781 3151 861 3210 quae
885 3134 926 3192 ad
947 3151 996 3191 res
1018 3133 1174 3192 Romanas
1196 3134 1361 3210 pertinent,
1393 3134 1546 3192 neminem

404 3233 463 3292 nisi
482 3233 668 3292 Antiochum
688 3236 730 3293 ad
751 3235 807 3293 hos
830 3235 919 3292 libros
942 3233 1127 3296 adhibuisse.
1171 3233 1250 3293 Nam
1272 3235 1351 3294 inest
1372 3236 1404 3294 in
1425 3236 1460 3294 iis
1482 3244 1546 3294 tam

407 3335 548 3392 ordinata
568 3335 737 3410 dispositio,
770 3337 891 3410 qualem
913 3336 961 3393 vix
989 3335 1022 3392 in
1045 3337 1107 3394 ahie
1131 3334 1285 3395 Ciceronis
1318 3337 1436 3413 scriptis
1464 3337 1547 3394 inve·

406 3435 533 3496 niamus.
576 3435 680 3511 Atque
712 3437 824 3511 prImus
847 3454 962 3507 eorum,
996 3437 1046 3512 qui
1077 3437 1117 3495 ad
1152 3455 1208 3494 nos
1236 3450 1440 3513 pervenerunt
1472 3439 1545 3515 libri,

408 3536 545 3594 continet
567 3537 801 3613 explicationem
823 3538 863 3594 de
885 3546 994 3596 natura
1015 3538 1089 3613 legis
1112 3539 1151 3594 ab
1179 3537 1307 3596 hominis
1328 3547 1437 3597 natura
1460 3559 1545 3617 repe·

407 3639 511 3707 tenda,
540 3638 571 3695 in
592 3638 686 3695 altero
715 3639 871 3696 disseritur
892 3640 932 3697 de
954 3638 1116 3712 religionis
1148 3640 1180 3696 in
1201 3640 1289 3698 tertio
1318 3641 1358 3698 de
1385 3642 1545 3716 magistra-

407 3747 492 3796 tuum
515 3739 641 3815 legibus.
1606 3725 1607 3728 ¹

507 3840 615 3898 Liceat
636 3840 765 3898 breviter
787 3841 827 3898 de
857 3841 922 3898 libri
944 3841 1031 3916 primi
1063 3842 1264 3918 dispositione
1296 3860 1544 3918 commemorare,

409 3947 442 3996 ut
463 3939 689 4017 intellegamus,
719 3958 782 3999 non
807 3941 1020 4017 interpositum
1047 3961 1116 4000 esse
1143 3943 1222 4000 illurn
1250 3944 1291 4000 de
1319 3961 1437 4001 summo
1463 3945 1546 4002 bono

411 4041 512 4098 locum
535 4060 554 4098 a
577 4039 735 4114 Cicerone,
766 4044 822 4100 sed
855 4051 975 4102 servata
996 4043 1196 4120 dispositione
1217 4045 1336 4120 integra
1361 4063 1454 4103 unum
1475 4064 1558 4104 auc··

506 4204 517 4242 1
534 4208 585 4267 En,
604 4208 697 4258 Cicero
715 4209 850 4275 Epicureis
870 4209 931 4259 suis
944 4209 1080 4274 indulget!

507 4292 577 4347 ²Ci.
597 4296 630 4346 de
649 4304 713 4348 orat.
732 4299 775 4347 III
796 4311 835 4364 17,
850 4301 891 4362 63.

508 4378 633 4434 ³Iterum
656 4384 805 4436 Ciceronem
828 4386 910 4436 lenire
936 4393 962 4436 et
988 4385 1074 4437 levare
1102 4389 1290 4456 animadverte,
1317 4405 1385 4454 quae
1410 4404 1425 4438 a
1448 4389 1548 4440 Graeco

410 4477 515 4522 auctore
533 4472 628 4538 scripta
645 4473 756 4525 inveniti
1314 4481 1316 4486 ’

511 4556 524 4593 ⁴
543 4562 613 4612 Vide
631 4578 656 4627 p.
674 4562 743 4629 6sq.
