3566 5406
487 681 687 740 Constituitur
715 682 862 759 deinceps
894 681 1020 741 formula
1049 681 1120 755 §20
1134 701 1191 761 sq.,
1223 701 1303 759 quae
1330 683 1368 743 sit
1397 683 1528 742 maxime

388 782 559 840 Stoicorum
591 783 769 859 disciplinae
796 792 1013 843 consentanea.
1056 783 1113 842 His
1141 784 1239 842 verbis
1265 784 1379 843 indicat
1409 783 1528 853 Cicero,

388 902 422 943 se
443 901 481 940 ex
513 884 587 942 alius
610 883 777 954 cuiusdam,
809 903 872 943 non
894 885 996 960 Stoici,
1028 885 1148 961 scriptis
1176 885 1260 944 illam
1287 885 1447 944 formulam
1477 903 1529 942 ex·

389 1003 520 1062 cerpere‚
548 993 640 1062 atque
662 1001 719 1043 suo
741 985 803 1043 iure
828 1003 861 1044 se
883 985 915 1044 id
938 985 1038 1044 facere
1061 1005 1131 1044 cum
1151 987 1229 1045 inter
1251 987 1371 1045 Stoicos
1393 995 1425 1044 et
1446 984 1529 1043 Peri·

388 1086 540 1163 pateticos
563 1086 829 1162 Academicosque
859 1105 923 1144 non
944 1104 1056 1163 magna
1078 1087 1116 1145 sit
1142 1087 1293 1146 dissensio
1318 1104 1450 1163 cumque
1472 1087 1529 1145 sibi

387 1188 445 1264 ipsi
460 1180 501 1246 'ut
515 1187 655 1264 Sceptico
677 1187 711 1245 id
725 1187 823 1246 liceat.
867 1187 946 1245 Num
968 1187 1119 1246 dubitatio
1141 1188 1202 1247 ulla
1223 1196 1280 1259 est,
1303 1188 1375 1264 quin
1390 1206 1428 1245 ex
1449 1189 1529 1246 eius·

389 1289 461 1348 dem
496 1289 586 1359 libris,
618 1289 781 1365 inquibus
813 1289 893 1350 illam
914 1290 1145 1349 excusationem
1174 1290 1300 1360 invenit,
1333 1298 1364 1349 et
1392 1291 1528 1366 regulam

388 1386 541 1448 hauserit?
563 1419 603 1430 -
630 1389 683 1447 Eis
708 1407 789 1467 quae
822 1391 969 1466 deinceps
996 1392 1037 1448 de
1064 1391 1133 1466 lege
1156 1392 1304 1462 dicuntur,
1337 1409 1450 1467 magna
1480 1399 1529 1450 est

389 1495 554 1553 similitudo
576 1511 644 1552 cum
666 1495 711 1552 eis
734 1512 819 1576 ¹quae
842 1496 882 1553 de
905 1495 963 1571 leg.
986 1495 1001 1553 I
1022 1494 1174 1572 explicata
1196 1503 1273 1554 sunt.
1315 1494 1424 1554 Liceat
1443 1494 1528 1553 locos

390 1595 541 1653 conferre:

424 1702 458 1751 de
475 1702 519 1752 off.
535 1702 633 1765 11123.
653 1701 704 1752 hoc
722 1703 792 1752 enim
811 1709 931 1769 spectant

293 1821 298 1833 ·
386 1789 470 1854 leges,
497 1790 547 1840 boc
570 1790 670 1850 volunt,
697 1791 854 1841 incolumem
872 1807 932 1842 esse

388 1880 482 1929 civium
513 1879 739 1940 coniunctionem,
779 1896 856 1945 quam
887 1881 931 1947 qui

388 1969 519 2028 dirimunt,
543 1983 589 2017 eos
606 1975 691 2018 morte
713 1967 815 2035 exsilio,
837 1969 931 2018 vinclis

388 2057 483 2105 damno
502 2062 632 2107 coercent.
669 2060 758 2122 Atque
777 2056 829 2107 hoc
848 2056 931 2108 multo

386 2144 470 2207 magis
489 2143 569 2193 efficit
582 2144 639 2209 ipsa
651 2152 757 2196 naturae
769 2147 843 2206 ratio,
863 2161 931 2211 quae

388 2240 427 2283 est
442 2233 486 2282 lex
501 2232 589 2282 divina
605 2239 631 2282 et
644 2232 766 2294 humana,
785 2235 827 2284 cui
840 2249 930 2300 parere

387 2321 432 2387 qui
449 2321 511 2371 velit
528 2347 562 2358 —
582 2337 675 2371 omnes
694 2329 779 2372 autem
794 2324 930 2388 parebunt,

386 2410 431 2475 qui
443 2410 587 2459 secundum
601 2416 718 2460 naturam
736 2409 826 2461 volent
843 2411 930 2462 vivere

385 2526 420 2537 ·—
438 2514 569 2564 nunquam
588 2498 732 2549 committet
751 2506 801 2551 etc.

1019 1704 1052 1753 de
1065 1703 1141 1767 leg.1
1156 1704 1196 1754 18.
1210 1738 1238 1755 ..
1256 1703 1300 1753 lex
1318 1710 1359 1754 est
1376 1702 1443 1753 ratio
1461 1718 1529 1753 sum·

982 1808 1024 1843 ma
1041 1792 1120 1842 insita
1141 1792 1170 1841 in
1191 1799 1290 1854 natura,
1317 1808 1384 1858 quae
1406 1793 1479 1842 iubet
1497 1807 1529 1841 ea

982 1897 1049 1946 quae
1067 1881 1188 1931 facienda
1206 1887 1266 1932 sunt
1277 1881 1451 1948 prohibetque
1466 1897 1526 1930 con·

982 1971 1068 2022 traria.
1104 1971 1205 2020 Eadem
1224 1971 1290 2021 ratio
1306 1985 1365 2020 cum
1383 1969 1465 2019 estin
1482 1967 1528 2018 ho·

982 2059 1059 2109 minis
1078 2065 1165 2110 mente
1184 2059 1336 2109 confirmata
1354 2063 1381 2108 et
1404 2057 1528 2124 perfecta,

982 2147 1026 2197 lex
1045 2154 1092 2199 est.
1115 2160 1209 2210 19...
1231 2162 1263 2196 ea
1280 2147 1342 2197 iuris
1363 2151 1441 2211 atque
1460 2144 1528 2194 iniu-

981 2237 1034 2286 riae
1062 2235 1221 2299 regula...
1245 2247 1278 2298 23
1297 2271 1304 2284 .
1323 2273 1353 2285 ..
1383 2239 1475 2298 estque
1502 2238 1529 2282 et

981 2325 1010 2374 iu
1027 2324 1133 2374 homine
1152 2331 1180 2373 et
1197 2322 1225 2373 in
1243 2324 1335 2374 deo..
1351 2361 1357 2374 .
1374 2311 1444 2371 inter
1460 2337 1527 2386 quos

982 2418 1068 2462 autem
1080 2411 1155 2472 ratio,
1167 2412 1233 2462 inter
1246 2412 1354 2462 eosdem
1367 2410 1445 2460 etiam
1457 2415 1528 2459 recta

982 2501 1049 2550 ratio
1067 2506 1107 2551 est
1130 2500 1281 2553 communis.
1319 2499 1392 2565 Quae
1415 2513 1474 2548 curn
1493 2497 1527 2548 sit

981 2589 1034 2650 lex,
1051 2590 1113 2653 lege
1124 2605 1230 2655 quoque
1246 2587 1388 2639 consociati
1405 2586 1527 2637 homines

982 2693 1041 2727 cum
1059 2677 1112 2727 diis
1130 2677 1241 2744 putandi
1259 2692 1356 2728 sumus.

485 2775 565 2834 Tum
587 2775 646 2835 hoc
677 2777 746 2835 loco
769 2796 807 2835 ea
835 2776 989 2836 sententia
1023 2784 1262 2836 commemorata
1283 2783 1341 2848 est,
1364 2775 1406 2834 ad
1435 2789 1526 2849 quam

385 2877 516 2954 pertinet
542 2877 705 2954 explicatio
731 2877 797 2936 libri
817 2878 831 2935 I
856 2878 895 2936 de
916 2879 991 2954 leg.:
1026 2895 1134 2936 omnes
1154 2877 1214 2953 legi
1243 2894 1352 2953 parere
1373 2883 1527 2952 oportere,

385 2977 437 3054 qui
470 2979 638 3037 secundum
663 2986 803 3037 naturam
836 2979 937 3037 vivere
971 2978 1071 3041 velint.
1125 2978 1288 3036 Praeterea
1321 2977 1527 3053 comparanda

385 3087 456 3139 sunt
481 3097 561 3157 quae
583 3081 600 3152 ᾖ
620 3097 660 3154 44
688 3082 729 3138 ad
752 3080 972 3140 conscientiam
999 3089 1141 3158 spectant
1169 3099 1238 3139 cum
1260 3081 1301 3138 de
1322 3081 1380 3155 leg.
1402 3079 1431 3137 11
1454 3075 1524 3153 §43

384 3175 574 3255 et15401.

485 3281 629 3340 Ceterum
660 3283 762 3358 plures
792 3291 945 3352 auctores,
978 3282 1030 3358 qui
1059 3303 1077 3341 a
1107 3281 1256 3340 Cicerone
1285 3280 1412 3340 adhibiti
1444 3288 1523 3346 sunt,

385 3383 473 3440 facile
496 3383 737 3459 distinguuntur:
765 3384 928 3458 §zo—31,
951 3382 1085 3461 35—46‚
1109 3383 1149 3457 48
1172 3391 1205 3440 et
1219 3386 1259 3458 49
1281 3383 1382 3440 eidem
1403 3381 1455 3440 uni
1476 3380 1527 3438 tri-

386 3483 530 3541 buendae
557 3492 638 3542 sunt.
667 3485 702 3541 In
723 3485 822 3561 priore
842 3494 930 3562 parte
954 3485 1132 3562 explicatur,
1154 3483 1308 3543 hominem
1328 3500 1392 3540 non
1411 3482 1526 3539 incom-

384 3584 479 3642 modo
495 3585 596 3642 alieno
618 3603 707 3644 suum
727 3588 923 3645 commodum
946 3603 1059 3662 augere
1075 3585 1200 3654 debere,
1222 3602 1294 3642 nam
1309 3581 1527 3641 oboedientem

384 3692 513 3743 naturae
536 3684 650 3745 homini
672 3703 786 3744 nocere
807 3705 871 3744 non
894 3704 996 3766 posse,
1023 3686 1081 3744 nisi
1102 3704 1205 3744 errore
1227 3703 1288 3761 quo
1311 3683 1462 3760 affectum,
1495 3681 1527 3738 in

384 3783 480 3843 altera
499 3785 692 3862 praecipitur,
715 3788 871 3862 quomodo
893 3804 985 3862 agere
1008 3786 1187 3854 debeamus,
1210 3786 1235 3844 si
1249 3783 1386 3843 utilitatis
1409 3783 1527 3859 species

384 3885 523 3943 videatur
544 3895 651 3944 contra
667 3887 862 3945 honestatem
877 3905 1024 3964 pugnare.
1061 3886 1177 3963 Legem
1201 3885 1344 3954 divinam,
1367 3885 1526 3952 rationem,

386 3985 525 4043 virtutem
548 3994 581 4044 ut
603 4004 765 4062 sequamur
786 3996 892 4046 monet
913 4005 970 4046 nos
993 3987 1189 4049 conscientia.

485 4086 563 4144 Inde
586 4106 604 4146 a
627 4084 702 4163 §50
723 4087 861 4146 difficiles
884 4106 996 4147 causae
1021 4120 1059 4130 -
1083 4107 1225 4164 magnam
1253 4096 1371 4165 partem
1395 4085 1526 4144 fabellae

385 4219 422 4230 -
454 4188 652 4265 explicantur,
683 4207 762 4265 quae
794 4191 986 4249 Rhodiorum
1021 4184 1072 4268 [cf.
1104 4190 1244 4266 exempla
1270 4182 1357 4267 550]
1390 4187 1527 4247 scholam

383 4289 514 4365 sapiunt.
557 4290 746 4362 Accuratius,
779 4309 872 4368 quam
890 4291 963 4349 mihi
985 4309 1067 4350 nunc
1088 4292 1277 4369 propositum
1299 4289 1409 4366 habeo,
1431 4288 1527 4363 inqui·

384 4439 579 4450 u—-——-

482 4525 493 4568 ¹
512 4529 551 4584 ct.
571 4532 687 4584 Lactant
706 4531 747 4583 VI
766 4542 809 4598 24,
822 4542 853 4582 12
866 4547 905 4600 sq.
925 4558 959 4572 -
977 4532 1049 4585 Vide
1066 4548 1093 4600 p.
1110 4532 1150 4585 18.
