3566 5406
743 501 946 568 ..17-

273 688 371 739 torem
393 677 547 736 Graecum
575 677 745 736 adhibitum
774 695 856 738 esse.
901 679 973 750 §18
1004 679 1147 738 definitur
1174 682 1221 738 lex
1250 676 1342 757 ‘quae
1370 691 1418 741 est

273 780 349 838 ratio
372 797 491 837 summa
506 777 598 836 insita
615 773 667 835 in1
688 786 807 847 natura,
830 780 1011 855 quaelubet
1033 798 1071 838 ea
1092 799 1172 856 quae
1188 782 1332 840 facienda
1348 793 1419 842 sunt

272 880 476 958 prohibetque
499 879 659 939 contraria.
702 880 822 938 Eadem
844 881 922 940 ratio
949 898 1018 939 cum
1041 891 1088 940 est
1110 884 1141 940 in
1163 883 1293 942 hominis
1315 893 1419 943 mente

274 983 452 1040 confirmata
474 989 506 1038 et
525 981 671 1057 perfecta,
704 981 752 1037 lex
776 990 824 1038 est
833 969 852 1041 '.
897 981 1053 1059 Deinceps
1076 983 1193 1042 initium
1218 985 1252 1042 fit
1273 1003 1291 1041 a
1313 1003 1419 1062 supre-

274 1102 325 1141 mo
349 1084 420 1153 deo,
452 1083 503 1157 qui
524 1082 681 1158 praeclara
704 1083 838 1158 quadam
861 1083 1043 1142 condicione
1071 1086 1227 1160 generavit
1255 1086 1417 1157 hominem,

275 1203 407 1262 quocum
433 1183 666 1242 communicavit
695 1183 829 1240 divinam
861 1184 1020 1244 rationem.
1069 1184 1116 1243 Ita
1145 1185 1177 1243 fit
1207 1186 1322 1244 homini
1349 1207 1418 1245 cum
1478 1164 1482 1172 ⁶

275 1287 337 1345 deo
353 1286 477 1344 rationis
500 1285 641 1362 societas,
663 1284 696 1341 id
719 1292 768 1342 est
791 1285 859 1360 lege
881 1285 960 1342 inter
981 1303 1014 1342 se
1039 1287 1192 1344 coniuncti
1214 1296 1293 1349 sunt.
1340 1289 1418 1347 Tum

276 1385 347 1464 §24
371 1386 524 1463 quaeritur
547 1387 587 1444 de
608 1394 718 1445 natura
741 1384 880 1444 hominis.
924 1386 1026 1462 Atque
1049 1387 1128 1445 haec
1151 1389 1217 1446 talis
1240 1398 1298 1458 est,
1326 1399 1359 1449 ut
1380 1391 1419 1449 sit

275 1488 390 1548 homini
405 1487 569 1546 similitudo
585 1489 736 1562 eumden,
761 1487 813 1562 qui
834 1487 931 1562 fragili
953 1495 984 1545 et
1000 1489 1119 1546 caduco
1141 1490 1261 1547 mortali
1283 1491 1418 1548 animum

276 1590 466 1666 ingeneravit
490 1606 623 1665 eumque
652 1589 795 1665 singulari
817 1589 953 1665 quodam
979 1590 1073 1647 modo
1103 1591 1230 1652 ornavit.
1261 1587 1290 1666 ἕ
1306 1607 1354 1666 29.
1378 1592 1419 1650 Et

276 1709 382 1748 omnes
404 1691 484 1748 inter
509 1708 566 1748 nos
590 1690 702 1748 similes
728 1699 759 1747 et
785 1706 874 1765 pares
897 1707 1001 1748 sumus
1029 1708 1098 1747 cum
1124 1690 1155 1748 in
1181 1692 1272 1750 reet1s
1302 1701 1366 1750 tum
1388 1694 1419 1751 in

275 1791 481 1870 pravitatibus,
510 1799 544 1850 ut
565 1783 671 1848 om'nes
693 1790 781 1849 facile
804 1791 939 1868 capimur
970 1792 1136 1867 voluptate,
1166 1780 1264 1866 tquae
1287 1794 1344 1852 etsi
1371 1804 1419 1853 est

276 1897 430 1955 inlecebra
461 1893 675 1970 turpitudinIS‚
714 1901 818 1951 tamen
851 1893 946 1951 habet
980 1894 1127 1969 quiddam
1164 1895 1259 1952 simile
1291 1899 1420 1956 naturali

276 1983 404 2057 b0n0’2.
1314 2061 1319 2070 ,

376 2099 425 2156 Ita
446 2115 504 2155 nos
525 2113 632 2154 omnes
652 2095 724 2166 iure,
747 2096 833 2171 quod
856 2102 966 2154 natura
988 2097 1094 2153 datum
1116 2104 1172 2164 est,
1201 2097 1353 2155 coniuncti
1375 2098 1419 2154 ni·

277 2201 338 2258 hilo
360 2217 418 2258 nos
439 2199 522 2274 ipsos
543 2198 718 2273 plusquam
738 2197 851 2255 alteros
871 2197 997 2272 diligere
1020 2186 1168 2255 debemus
1187 2206 1280 2273 atque
1300 2207 1333 2257 ut
1355 2216 1419 2256 om-

277 2301 337 2369 nia,
373 2317 452 2376 quae
474 2317 492 2356 a
518 2306 627 2356 natura
653 2283 727 2356 data
749 2306 827 2366 sunt,
862 2315 925 2354 non
947 2297 1082 2355 utilitatis
1113 2315 1205 2356 causa
1229 2294 1260 2374 [ξ
1275 2295 1330 2376 41]
1363 2301 1420 2357 sed

278 2409 403 2478 propter
435 2418 469 2458 se
495 2400 671 2474 expetenda
694 2395 786 2456 sunt8
818 2406 852 2456 ut
878 2399 960 2456 bona
988 2407 1019 2456 et
1045 2398 1186 2467 honesta,
1219 2400 1262 2458 ita
1284 2400 1331 2463 ius
1364 2419 1420 2458 sua

280 2511 391 2579 sponte
414 2501 622 2576 expetendum
644 2506 692 2556 est
709 2493 740 2574 [ξ
755 2494 820 2576 48].
856 2499 943 2556 Idem
965 2499 1073 2556 dicitur
1095 2500 1135 2556 de
1150 2499 1264 2558 iustitia
1285 2501 1421 2577 reliquis·

279 2621 340 2680 que
373 2601 540 2662 virtutibus.
583 2601 624 2658 Et
655 2600 739 2676 leges
761 2607 889 2658 naturae
924 2601 1011 2676 sequi
1033 2609 1080 2658 est
1111 2601 1241 2658 hominis
1270 2619 1420 2666 summum

278 2706 402 2764 bonurn.
446 2700 526 2760 Nam
547 2702 590 2760 ita
611 2719 650 2759 eo
672 2701 828 2776 pervenire
850 2718 1022 2777 possumus,
1055 2710 1088 2759 ut
1111 2702 1262 2760 rationem
1283 2711 1420 2761 nostram

280 2804 477 2864 conficiamus
504 2811 536 2861 et
564 2811 742 2879 appetamus
765 2820 834 2860 eam
856 2803 1038 2878 sapientiam
1062 2800 1092 2878 [ξ
1109 2803 1162 2878 58]
1190 2797 1286 2879 ‘quae
1313 2804 1421 2861 docuit

280 2915 313 2964 ut
334 2913 455 2963 nosmet
476 2904 560 2980 ipsos
581 2921 791 2965 nosceremus:
814 2903 901 2962 cuius
923 2905 1078 2980 praecepti
1101 2912 1189 2962 tanta
1211 2905 1254 2962 vis
1279 2913 1311 2961 et
1333 2913 1419 2963 tanta

280 3006 433 3065 sententia
460 3013 516 3074 est,
548 3013 583 3063 ut
604 3022 642 3062 ea
670 3022 733 3063 non
754 3003 869 3062 homini
899 3005 1061 3081 quoipiam,
1094 3006 1151 3062 sed
1174 3004 1324 3080 Delphico
1358 3006 1419 3064 deo

279 3091 483 3167 tribueretur'.
507 3104 552 3164 Cf.
576 3107 617 3164 de
638 3105 688 3163 fin.
705 3104 734 3161 V
755 3101 830 3179 444:
852 3097 1047 3162 ‘Intrandum
1069 3104 1158 3180 igitur
1185 3113 1234 3164 est
1260 3105 1291 3162 in
1320 3123 1418 3164 rerum

278 3217 419 3267 naturam
440 3215 473 3265 et
494 3206 616 3282 penitus
638 3223 719 3281 quae
742 3223 780 3264 ea
804 3205 939 3281 postulet
960 3205 1198 3281 pervidendum:
1232 3205 1319 3262 aliter
1338 3206 1419 3263 enim

279 3318 402 3368 nosmet
433 3309 516 3385 ipsos
547 3325 639 3366 nosse
671 3325 734 3366 non
769 3323 941 3385 possumus.
995 3306 1091 3380 Quod
1123 3315 1320 3383 praeceptum
1350 3308 1420 3384 quia

381 3557 392 3596 ¹
411 3559 464 3610 ‘in’
477 3559 629 3610 deleverunt
646 3559 756 3624 Madvig
769 3567 795 3610 et
805 3561 897 3623 Halm;
912 3561 1066 3611 servandum
1080 3577 1136 3611 esse
1148 3561 1281 3612 adsentior
1290 3562 1420 3615 Vahleno.
1484 3547 1486 3552 Ι

300 3678 303 3686 ·
380 3645 450 3700 2(ἶί.
469 3646 533 3716 §60
552 3655 577 3700 et
595 3661 646 3713 47:
660 3649 761 3698 'animis
781 3665 872 3698 omnes
894 3649 1034 3699 tenduntur
1056 3649 1168 3698 insidiae
1191 3648 1301 3701 vel...
1320 3649 1363 3699 vel
1388 3652 1421 3700 ab

176 3773 177 3776 =
282 3757 317 3801 ea,
337 3753 404 3805 quae
421 3738 528 3804 penitus
548 3738 575 3786 in
594 3737 665 3787 omni
684 3751 762 3787 sensu
780 3737 901 3802 inplicata
919 3737 1026 3796 insidet,
1050 3737 1172 3787 imitatrix
1191 3737 1263 3802 boni,
1292 3737 1421 3804 voluptas,

281 3828 408 3877 malorum
427 3832 513 3876 autem
536 3831 619 3875 mater
637 3826 762 3877 omnium.
790 3826 824 3877 cs.
843 3827 912 3876 Max.
932 3827 993 3890 Tyr.
1013 3827 1054 3875 IV
1074 3837 1101 3877 2:
1130 3823 1166 3876 Ὃ
1185 3823 1217 3876 δὲ
1243 3824 1329 3889 μόνον
1353 3824 1421 3878 ὑπό-

282 3917 381 3968 λοιπον
399 3913 435 3979 ἦν
453 3918 489 3982 τῇ
509 3913 595 3982 ἀρετῇ
615 3914 797 3980 συμμαχικὸν,
814 3914 830 3966 ὁ
849 3914 940 3980 λόγος,
969 3914 1014 3966 καί
1038 3917 1124 3967 τοῦτο
1143 3910 1265 3978 σχίζεται
1290 3913 1335 3965 καί
1354 3913 1422 3965 διαι-

282 4008 388 4069 ρεῖται·
412 4003 457 4055 καί
475 4000 620 4068 ἐξεύρηταί
636 4018 678 4066 τις
696 4003 742 4054 καί
763 4001 829 4068 παρ’
850 4002 937 4055 αὐτοῦ
963 3998 1143 4067 ἐπικουρία
1161 4001 1283 4064 ἡδοναῖς.
1311 4000 1355 4067 [cf.
1375 4001 1418 4068 §3

280 4085 448 4158 Ἐπίκουρον
471 4090 502 4144 δὲ
525 4090 570 4144 διὰ
592 4091 718 4156 τοῦνομα
741 4090 775 4143 οὐ
793 4089 883 4157 φέρω,
914 4089 980 4142 οὐδὲ
1002 4088 1136 4154 ἀνέχομαι
1159 4087 1329 4155 φιλοσοφίας
1347 4088 1420 4154 ὑβρι-

284 4179 409 4246 Ζοὺσης].
447 4179 487 4230 Cf.
507 4179 561 4230 Cic.
581 4195 622 4245 ep.
643 4180 676 4228 ad
695 4178 777 4230 samii.
796 4180 838 4227 111
859 4191 884 4243 9,
900 4190 923 4230 2.

383 4263 395 4300 ³
411 4267 487 4316 Idem
506 4268 539 4317 ab
557 4267 691 4318 Antiocho
709 4274 877 4333 praeceptum
895 4267 1024 4316 invenitur
1042 4267 1070 4316 iu
1089 4271 1142 4316 toto
1161 4264 1229 4314 libro
1245 4264 1270 4315 V
1283 4265 1316 4313 de
1329 4263 1373 4315 fin.
1388 4292 1423 4301 —

285 4356 324 4408 Cf.
343 4355 427 4407 Zeller
445 4357 487 4406 111
508 4369 519 4406 1
540 4373 566 4422 p.
587 4351 657 4405 606⁸
675 4371 700 4408 n.
718 4368 739 4407 1.

382 4441 455 4494 ⁴Ne
474 4451 556 4496 toturn
574 4444 690 4496 Tullium
709 4443 862 4505 exscribam,
888 4443 979 4494 confer
997 4458 1096 4512 quaeso
1121 4457 1188 4513 quae
1205 4445 1345 4511 sequuntur
1364 4454 1422 4493 cum

285 4534 318 4586 de
336 4533 389 4602 leg.
409 4546 442 4602 59
456 4550 494 4602 sq.
