3566 5406
710 562 894 622 -s-

231 761 361 820 quorum
387 739 503 798 mentio
534 757 596 798 non
623 739 666 796 ita
694 756 789 814 saepe
816 738 849 796 fit
876 745 908 795 ut
934 735 1127 808 Dinomachi‚
1164 729 1374 810 Calliphontis,

230 843 370 920 Diodori,
394 841 583 917 Hieronymi,
607 848 723 898 certum
744 839 833 898 nobis
852 840 980 915 praebet
1001 838 1156 909 indicium,
1179 846 1214 896 ut
1236 837 1375 895 eiusdem

231 945 364 1005 auctoris
380 943 508 1018 vestigia
530 959 744 1018 agnoscamus,
766 942 819 1000 ubi
834 941 968 999 similiter
989 940 1161 998 sententiae
1180 939 1288 997 horum
1310 938 1376 1014 phi-

230 1046 429 1122 losophorum
449 1045 528 1102 inter
550 1062 584 1102 se
606 1044 802 1102 conferuntur
824 1044 871 1101 vel
892 1050 1115 1104 enumerantur.

329 1148 440 1222 ltaque
461 1164 553 1204 nemo
584 1145 746 1220 dubitabit,
781 1144 854 1220 quin
875 1144 1014 1202 eiusdem
1035 1143 1100 1201 libri
1124 1143 1196 1218 §73
1218 1143 1376 1217 catalogus

230 1249 479 1326 philosophorum
510 1248 549 1305 ab
579 1246 733 1306 Antiocho
767 1247 810 1305 ita
842 1245 1030 1322 compositus
1064 1245 1112 1304 sit.
1163 1244 1378 1304 Recensentur

231 1350 421 1420 Aristoteles,
442 1348 682 1424 Theophrastus,
708 1347 828 1416 Erillus,
855 1347 965 1416 Arist0‚
990 1345 1203 1422 Hieronymus,
1226 1343 1376 1421 Callipho,

232 1450 387 1509 Diodorus
417 1450 592 1525 eodemque
618 1449 713 1506 modo
734 1467 842 1506 eorum
875 1447 1070 1505 definitiones
1099 1447 1208 1504 summi
1230 1446 1305 1504 boni
1327 1465 1376 1504 se-

231 1560 395 1611 cernuntur
420 1559 513 1627 atque
541 1549 614 1622 §16
631 1567 675 1626 sq.
700 1582 737 1590 —
761 1549 943 1608 Adiciuntur
971 1550 1043 1624 §74
1066 1548 1234 1626 voluptarii,
1267 1549 1300 1606 id
1329 1556 1377 1606 est

230 1653 374 1729 Epicurei
387 1647 408 1722 ¹,
438 1661 469 1710 et
491 1651 592 1722 Stoici,
622 1669 683 1727 qua
704 1653 745 1709 de
774 1669 867 1709 eausa
889 1658 995 1708 nostro
1017 1650 1080 1707 iure
1102 1650 1286 1708 concludere
1306 1666 1377 1725 pos-

233 1772 346 1824 sumus,
370 1753 464 1811 etiarn
486 1754 557 1825 §22
575 1770 640 1827 sqq.
662 1753 694 1810 in
715 1752 796 1810 libris
812 1751 954 1809 Antiochi
969 1750 1137 1826 Epicureos
1160 1767 1378 1808 commemora·

232 1863 281 1913 tos
307 1854 409 1924 fuisse,
432 1873 501 1912 cum
526 1854 705 1930 praesertim
726 1853 776 1912 hic
798 1853 987 1928 voluptatem
1007 1851 1132 1909 omnino
1156 1854 1376 1910 semovendam

232 1974 303 2014 esse
326 1963 461 2017 censeat.
506 1955 614 2015 Cicero
636 1955 727 2030 igitur
749 1955 868 2013 silentio
890 1971 945 2012 eos
968 1952 1150 2029 praeterisse
1177 1953 1298 2011 videtur
1324 1951 1376 2026 [cf.

232 2059 333 2116 Hirzel
359 2058 388 2115 II
409 2077 439 2134 p.
455 2057 474 2115 6
477 2057 540 2132 38].
583 2058 625 2116 Et
650 2059 820 2116 invenimus
848 2055 1065 2114 refutationem
1086 2055 1257 2131 Epicureae
1284 2054 1376 2112 disci·

232 2161 333 2236 plinae
355 2177 374 2216 a
397 2159 545 2218 Cicerone
569 2160 737 2217 secundum
750 2159 935 2216 Antiochum
961 2152 1015 2234 [cf.
1030 2156 1130 2215 Hirzel
1144 2156 1173 2213 II
1194 2175 1223 2232 p.
1240 2156 1300 2230 630
1316 2155 1375 2231 sq.]

233 2261 403 2337 expositam
429 2262 471 2318 de
502 2260 550 2320 fin.
571 2260 608 2337 11,
642 2261 694 2317 ubi
715 2255 781 2335 §31
801 2277 845 2334 sq.
878 2260 988 2317 eadem
1019 2258 1126 2316 divisio
1157 2257 1377 2316 sententiarum

233 2362 369 2421 occurrit.
412 2357 497 2437 §352
528 2355 591 2420 ‘lta
617 2370 679 2419 tres
709 2369 780 2418 sunt
812 2360 887 2418 fines
915 2368 1055 2435 expertes
1084 2359 1266 2428 honestatis,
1298 2377 1375 2417 unus

233 2463 378 2538 Aristippi
398 2463 445 2520 vel
465 2461 597 2538 Epicuri,
619 2463 696 2520 alter
718 2461 904 2537 Hieronymi,
927 2460 1080 2519 Carneadi
1102 2459 1224 2534 tertius;
1248 2467 1321 2528 tres,
1345 2459 1376 2516 in

233 2563 342 2637 quihus
364 2562 511 2621 honestas
534 2580 603 2621 cum
625 2563 725 2639 aliqua
747 2562 935 2631 accessione,
959 2560 1144 2628 Polemonis,
1168 2559 1377 2636 Calliphontis,

233 2662 377 2736 Diodori3
400 2681 461 2720 una
484 2661 622 2739 simplex,
644 2665 728 2722 cuius
745 2664 830 2720 Zeno
853 2669 967 2730 auctor,
990 2661 1091 2737 posita
1113 2661 1145 2717 in
1167 2661 1279 2718 decore
1302 2668 1379 2730 tota,

232 2763 266 2820 id
287 2771 334 2820 est
362 2763 394 2820 in
416 2762 593 2838 honestate;
626 2783 697 2824 nam
720 2763 844 2841 Pyrrho,
872 2762 983 2838 Arist0‚
1015 2761 1124 2819 Erillus
1156 2762 1217 2819 iam
1249 2761 1301 2817 diu
1323 2761 1377 2818 ab·

233 2859 326 2923 ieeti’.
371 2861 526 2939 Deinceps
548 2845 669 2940 Epicuri
695 2864 901 2922 inconstantia
933 2863 1124 2937 vituperatur,
1156 2861 1208 2936 qui
1240 2861 1323 2917 aliud
1345 2861 1376 2918 in

233 2963 330 3039 prima
354 2971 482 3023 naturae
513 2966 783 3023 commendatione
816 2964 901 3024 aliud
926 2963 1017 3021 finem
1049 2964 1199 3019 bonorum
1230 2960 1341 3018 dixerit
1352 2956 1375 3029 2,

234 3073 297 3123 tum
320 3065 447 3124 aliorum
469 3068 640 3125 sententiae
661 3067 841 3135 refutantur,
862 3065 929 3140 §44
945 3065 1078 3140 denique
1101 3063 1242 3139 incipitur
1264 3071 1376 3135 tracta·
1447 3127 1450 3136 .

234 3167 277 3224 tio
299 3175 332 3224 et
352 3167 542 3243 impugnatio
563 3169 694 3245 Epicuri,
723 3189 814 3245 quam
832 3169 939 3228 Cicero
961 3170 1004 3227 ita
1025 3168 1161 3237 instituit,
1192 3175 1225 3224 ut
1246 3165 1377 3242 explicet

234 3268 308 3342 quid
330 3269 369 3326 sit
389 3269 560 3330 honestum.
603 3270 619 3340 ἕ
641 3285 676 3344 19
697 3287 821 3346 quoque
843 3271 985 3329 eiusdem
1006 3270 1081 3340 libri,
1104 3287 1171 3327 cum
1194 3269 1235 3325 de
1258 3284 1376 3324 summo

233 3369 316 3425 bono
339 3360 550 3443 quaestionem
576 3370 700 3441 faceret,
734 3389 753 3428 a
774 3369 924 3429 Cicerone
953 3372 1058 3430 tabula
1084 3371 1135 3430 illa
1155 3367 1293 3426 adhibita
1321 3374 1376 3426 est.

233 3468 458 3528 Enumerantur
480 3472 671 3542 Aristoteles
706 3471 854 3548 Callipho,
881 3472 1047 3542 Diodorus,
1077 3473 1129 3547 qui
1151 3472 1252 3529 iuncta
1272 3469 1377 3526 ultima

233 3571 384 3628 honorum
407 3571 535 3630 fecerint
563 3582 595 3631 et
618 3582 809 3648 comparatur
830 3573 953 3649 Epicuri
980 3572 1116 3630 definitio
1144 3589 1212 3630 cum
1233 3569 1379 3646 Aristippi

234 3680 266 3728 et
286 3671 465 3748 Hieronymi
487 3673 649 3732 sententia.

333 3772 369 3830 In
391 3782 498 3848 quarto
530 3775 570 3831 de
596 3775 646 3835 fin.
669 3775 745 3833 libro
778 3776 820 3833 ad
847 3776 981 3833 eundem
1006 3774 1192 3833 Antiochum
1220 3779 1375 3831 auctorem

233 3873 395 3932 referendo
418 3873 471 3948 [cf.
497 3874 599 3933 Hirzel
627 3875 657 3932 II
686 3894 715 3951 p.
739 3871 814 3954 620]
844 3877 1039 3952 agnoscimus
1072 3876 1153 3933 hanc
1174 3875 1374 3932 divisionem:

234 3975 307 4049 §49
339 3975 465 4045 StoiciS,
491 3976 646 4053 Pyrrhoni,
682 3978 816 4035 Aristoni
842 3985 1039 4055 opponuntur
1058 3977 1249 4052 Aristoteles,
1272 3975 1376 4034 Xeno·

234 4083 343 4146 crates,
375 4094 479 4135 eorum
501 4077 623 4147 familia,
645 4078 719 4151 §50
741 4077 891 4154 Callipho,
925 4079 1091 4148 Diodorus,
1122 4087 1187 4137 tum
1208 4075 1284 4154 §49
1304 4077 1377 4154 Epi·

334 4330 543 4385 1Posteriorum
561 4336 750 4403 Epicureorum
769 4337 898 4388 rationem
915 4338 988 4402 tangi
1014 4338 1104 4388 docuit
1128 4353 1169 4388 me
1190 4338 1299 4388 Vsener.
1335 4336 1376 4386 Cf.

235 4422 295 4474 adn.
317 4423 350 4472 ad
368 4422 444 4490 Epic.
463 4440 489 4490 p.
509 4436 569 4490 275,
581 4435 623 4490 25.
880 4428 882 4432 '

334 4507 346 4546 ⁹
364 4512 452 4576 Quare
470 4515 555 4564 Varro
573 4529 632 4564 eum
651 4514 684 4563 ab
694 4513 831 4580 Aristippo
852 4515 968 4565 secrevit.
987 4515 1059 4567 Vide
1067 4531 1094 4581 p.
1107 4525 1150 4576 42.
1187 4513 1253 4563 Cum
1271 4512 1322 4562 hoc
1341 4513 1375 4562 de

235 4599 279 4653 fin.
298 4602 359 4651 loco
377 4603 410 4655 cf.
429 4603 508 4654 Tusc.
528 4604 569 4654 III
590 4599 605 4671 ᾗ
626 4615 660 4669 47
679 4610 706 4653 et
724 4603 806 4653 Clem.
826 4603 844 4653 l.
865 4620 886 4654 c.
905 4620 932 4669 p.
952 4615 993 4668 27.
