3566 5406
839 541 1044 599 -4,-

371 712 424 772 nui
456 728 515 770 nec
535 709 640 786 augeri
668 727 727 768 nec
748 709 898 769 immutari
920 717 1033 786 potest.
1062 709 1180 770 Seneca
1200 729 1323 789 quoque
1339 712 1515 789 imprudens

372 813 486 882 incidit,
508 820 542 871 ut
563 811 716 886 fateretur,
739 811 854 870 nullum
876 827 945 870 esse
966 811 1049 870 aliud
1072 812 1187 872 virtutis
1209 813 1389 889 praemium,
1423 832 1516 892 quam

372 913 638 974 immortalitatem.
671 910 817 971 Laudans
846 911 928 970 enim
950 912 1090 971 virtutem
1120 913 1151 972 in
1175 927 1213 970 eo
1240 914 1326 982 libro,
1359 933 1453 993 quem
1474 917 1516 974 de

370 1017 531 1082 immatura
552 1022 650 1072 morte
673 1012 863 1089 conscripsit,
886 1007 987 1083 ‘una’,
1008 1013 1116 1091 inquit,
1142 1003 1208 1074 ‘res
1238 1024 1286 1073 est
1307 1016 1411 1089 virtus,
1435 1034 1515 1094 quae

372 1133 429 1175 nos
450 1114 674 1174 immortalitate
705 1113 832 1184 donare¹
854 1113 953 1188 possit
986 1122 1018 1172 et
1052 1132 1141 1190 pares
1173 1116 1231 1174 diis
1264 1101 1388 1178 lecere'.
1420 1117 1513 1177 Vnde

373 1216 549 1276 Lactantius
572 1214 734 1273 Euclidem
748 1212 877 1288 petierit,
903 1222 1038 1290 apparet.
1067 1214 1166 1273 Totus
1189 1233 1263 1291 ergo
1279 1217 1363 1275 locus
1379 1217 1516 1278 Senecae

373 1316 549 1392 fragmentis
571 1314 753 1374 inserendus
779 1321 835 1374 est.
868 1313 972 1390 Atque
990 1313 1138 1374 Senecam
1159 1323 1190 1374 et
1211 1315 1316 1374 Arium
1330 1315 1516 1394 Didymum1

375 1427 408 1476 et
427 1416 613 1476 Antiochum
635 1432 737 1484 nosse,
759 1431 872 1490 negare
894 1432 986 1473 nemo
1009 1416 1140 1474 audebit
1160 1447 1194 1456 -
1212 1416 1363 1476 Aristonis
1377 1418 1514 1479 definitio

373 1536 392 1576 a
413 1517 575 1577 Lactantio
597 1516 655 1574 VII
672 1531 700 1591 7,
724 1531 755 1574 11
782 1515 919 1574 effertur:
940 1504 1008 1575 ‘Ad
1031 1516 1169 1575 virtutem
1191 1520 1416 1594 capessendam
1428 1522 1516 1580 nasci

267 1628 269 1632 '
372 1619 522 1690 homines,
545 1618 670 1676 Ariston
690 1603 852 1687 disseruit',
874 1617 928 1676 ubi
951 1618 1129 1676 desummo
1152 1618 1236 1677 bono
1270 1619 1303 1677 id
1323 1629 1372 1678 est
1393 1621 1516 1681 immor·

372 1721 489 1779 talitate
511 1718 650 1796 quaestio
670 1717 713 1788 fit,
736 1734 828 1793 quam
850 1718 976 1776 adrem
996 1717 1055 1776 nisi
1081 1717 1168 1776 fallor
1194 1718 1277 1778 idem
1307 1719 1426 1780 Seneca
1447 1739 1515 1797 per·

336 1837 341 1856 ·
371 1823 498 1881 multum
519 1820 673 1879 adhibitus
695 1827 771 1878 ests

470 1923 517 1982 Ex
537 1922 685 1981 Romanis
708 1919 843 1980 sontibus
875 1920 1021 1996 pleraque
1045 1919 1147 1979 hausit
1175 1919 1361 1997 Augustinus
1383 1938 1515 2017 quoque,

372 2024 423 2102 qui
435 2024 475 2082 de
487 2021 541 2082 civ.
561 2022 611 2080 dei
624 2020 699 2080 XIX
718 2037 730 2078 1
753 2038 797 2096 sq.
819 2021 991 2079 uberiorem
1022 2019 1093 2079 fecit
1114 2021 1326 2098 quaestionem
1344 2023 1385 2080 de
1406 2023 1516 2082 finibus

372 2125 523 2183 bonorum
544 2131 669 2182 secutus
692 2118 831 2179 Marcum
861 2119 1026 2181 Varronem.
1060 2120 1120 2180 Hic
1143 2123 1225 2180 enim
1247 2123 1279 2180 in
1295 2123 1369 2182 libro
1386 2126 1427 2182 de
1448 2123 1513 2199 phi-

372 2223 511 2300 losophia
531 2224 613 2282 illam
634 2221 815 2281 divisionem
846 2239 884 2279 eo
918 2221 1014 2290 duxit,
1047 2229 1081 2280 ut
1104 2223 1252 2281 ducentas
1290 2223 1450 2300 octoginta
1482 2231 1514 2282 et

372 2333 443 2384 octo
466 2332 568 2383 sectas
590 2340 661 2381 esse
682 2338 776 2398 posse
798 2323 948 2398 probaret.
980 2321 1044 2380 Sed
1068 2339 1168 2397 nugas
1184 2323 1269 2382 docti
1290 2322 1367 2382 illius
1382 2323 1515 2383 Romani

372 2426 557 2494 omittamus,
577 2432 612 2483 ut
633 2443 672 2483 ea
694 2423 934 2492 consideremus,
957 2440 1037 2499 quae
1059 2424 1100 2482 ad
1127 2422 1269 2482 Antiochi
1287 2425 1439 2484 rationem
1460 2426 1515 2484 de·

372 2526 551 2587 clarandam
566 2524 749 2602 pertineant.
765 2554 806 2564 -
816 2523 863 2582 Ita
873 2524 1176 2599 praetermittendum
1191 2542 1254 2582 non
1270 2533 1330 2594 est,
1344 2524 1514 2586 Varronem

372 2629 414 2686 ad
435 2637 497 2686 tres
518 2627 633 2685 classes
656 2625 776 2684 tabulae
799 2633 939 2701 quartam
959 2625 1123 2687 adiecisse:
1146 2619 1307 2702 ‘quattuor
1331 2643 1400 2684 esse
1421 2643 1515 2702 quae-

372 2730 454 2798 dam,
476 2745 556 2804 quae
576 2724 713 2785 homines
736 2724 802 2784 sine
822 2725 967 2800 magistro
983 2770 990 2785 .
1007 2770 1015 2786 .
1033 2771 1040 2785 .
1056 2725 1141 2782 velut
1160 2727 1338 2784 naturaliter
1352 2735 1513 2803 appetunt,

371 2838 423 2888 aut
444 2831 641 2904 voluptatem,
664 2844 724 2902 qua
745 2826 964 2885 delectabiliter
984 2835 1125 2884 movetur
1146 2827 1283 2902 corporis
1304 2844 1426 2902 sensus,
1459 2837 1514 2886 aut

372 2931 515 3006 quietem,
535 2946 597 3005 qua
617 2927 651 2987 fit
672 2935 707 2985 ut
727 2928 839 2985 nullam
861 2927 1031 2985 molestiam
1053 2927 1188 3002 corporis
1219 2929 1347 3004 quisque
1368 2929 1513 3004 patiatur,

372 3040 424 3089 eut
445 3039 613 3105 utramque,
635 3047 726 3106 quam
745 3036 848 3106 tamen
868 3045 930 3086 uno
951 3027 1075 3086 nomine
1098 3028 1261 3103 voluptatis
1287 3029 1435 3105 Epicurus
1459 3048 1513 3107 ap-

371 3127 492 3208 pellat2,
513 3140 566 3189 ant
586 3130 794 3188 universaliter
815 3129 911 3206 prima
933 3138 1071 3201 naturae,
1094 3113 1170 3191 etc.'
1203 3129 1284 3188 Huic
1306 3130 1406 3200 classi,
1432 3147 1514 3208 quae

370 3233 561 3310 voluptatem
588 3250 656 3291 cum
687 3232 790 3309 quiete
823 3225 922 3309 [recte
947 3231 1035 3289 vertit
1057 3225 1237 3307 ἀοχλησίαν
1246 3225 1268 3308 Ι]
1300 3232 1514 3307 coniungeret,

371 3334 474 3393 tribuit
496 3334 670 3410 Epicurum,
692 3349 785 3408 quem
807 3330 978 3390 Antiochus
999 3331 1209 3390 inconstanter
1230 3333 1291 3390 labi
1305 3333 1385 3390 inter
1405 3333 1512 3409 volup-

371 3443 467 3495 tatem
490 3444 521 3493 et
543 3433 678 3510 quietem
710 3433 830 3491 dixerat
851 3426 906 3509 [cf.
930 3430 994 3491 Cic.
1017 3433 1057 3490 de
1079 3432 1120 3490 fin
1142 3431 1172 3490 II
1194 3447 1233 3509 35
1251 3451 1295 3510 sq.
1310 3441 1343 3492 et
1357 3433 1371 3491 1
1385 3447 1424 3509 37
1441 3429 1511 3512 sq.],

371 3536 436 3612 ipse
457 3542 560 3593 tamen
581 3534 660 3593 inter
681 3532 879 3611 philosophos
912 3533 1027 3609 primae
1058 3534 1162 3592 classis
1192 3550 1367 3593 enumerare
1393 3534 1514 3594 solebat

372 3633 456 3710 [vide
477 3654 506 3712 p.
529 3630 571 3712 5].
595 3666 634 3676 -
661 3633 744 3692 Tum
775 3642 911 3692 veterum
942 3635 1198 3694 Academicorum
1221 3635 1429 3694 definitionem
1449 3652 1513 3693 me·

370 3737 468 3796 moria
489 3745 666 3795 teneamus:
687 3723 780 3810 ‘quos
802 3752 822 3792 a
851 3732 978 3794 Platone
1006 3735 1159 3794 institutos
1189 3753 1286 3813 usque
1309 3736 1350 3794 ad
1372 3735 1514 3795 Polemo-

371 3855 452 3909 nem,
475 3837 525 3913 qui
547 3837 587 3895 ab
609 3837 661 3895 illo
683 3844 807 3913 quartus
839 3837 906 3894 eius
939 3835 1076 3895 scholam
1105 3836 1212 3911 tenuit,
1244 3855 1323 3913 quae
1345 3837 1514 3896 Academia

373 3939 457 3999 dicta
476 3947 535 4008 est,
561 3937 707 3996 habuisse
730 3945 815 3996 certa
837 3939 986 4013 dogmata
1007 3939 1071 3995 vult
1091 3938 1186 3997 videri
1208 3946 1240 3995 et
1261 3937 1301 3996 ob
1328 3937 1388 3997 hoc
1407 3937 1513 3996 distin·

371 4041 436 4117 guit
468 4040 507 4098 ab
538 4038 730 4098 Academicis
759 4038 853 4109 novis,
893 4037 1001 4113 quibus
1035 4038 1150 4097 incerta
1182 4047 1254 4098 sunt
1282 4039 1395 4107 omnia,
1428 4040 1514 4116 quod

371 4140 585 4221 philosophiae
610 4158 706 4216 genus
735 4140 775 4198 ab
809 4140 946 4198 Arcesila
979 4141 1081 4216 coepit
1113 4157 1290 4198 successore
1317 4131 1512 4199 Polemonis?

373 4242 450 4319 Cap.
464 4242 507 4300 111
522 4243 668 4318 deinceps
684 4249 821 4299 veterum
842 4241 1012 4317 disciplina,
1046 4259 1137 4318 quam
1152 4240 1311 4300 tradiderit
1325 4240 1424 4301 Varro
1441 4259 1513 4299 auc·

535 4393 566 4400 --

471 4466 540 4522 les.
560 4469 593 4520 ad
612 4468 738 4519 Marciam
758 4469 792 4518 de
814 4468 916 4519 consol.
939 4485 964 4534 4,
975 4481 998 4522 2.
1020 4472 1045 4530 ὁ,
1059 4482 1080 4521 1.

470 4553 541 4609 ¹Cs.
563 4557 679 4609 Senecae
699 4558 766 4625 epist
793 4557 836 4618 66,
846 4569 887 4626 45.
