3566 5406
687 527 895 590 ..13-

476 705 569 768 prima
586 715 708 768 quaeque
719 713 779 749 avo·
805 693 907 762 Τέρπν’
927 695 1050 748 ἔπαθον’
1068 693 1104 746 τὰ

482 795 530 856 lat,
556 792 718 855 saepiusque
740 802 780 836 re·
806 783 837 836 δὲ
856 782 946 837 πολλὰ
966 783 1011 836 καὶ
1026 782 1105 846 ὄλβια

482 883 585 947 linquit
597 894 707 928 causam
715 884 781 941 poe·
806 871 898 925 πάντα
956 869 1104 924 λέλειπται.

481 971 589 1020 nitendi
599 983 680 1034 quam
693 981 781 1017 recor·
808 959 857 1013 Καὶ
876 957 932 1033 Ιγὰρ
955 958 1012 1023 ἐγὼ
1037 971 1105 1011 σπο-

483 1060 576 1110 dandi.
806 1049 855 1113 δός
874 1047 944 1114 εἰμε-
960 1045 1045 1100 Νῑνου
1060 1061 1105 1112 με·

805 1136 894 1202 γάλης
932 1134 1105 1201 βασιλεύσας.

840 1223 929 1279 Ἀλλὰ
968 1223 1022 1290 γὰρ
1060 1223 1106 1275 καὶ

805 1319 893 1368 τοῦτο
928 1313 1043 1379 ψευδῶς
1079 1309 1106 1364 οἱ

805 1400 1105 1470 γεγραφότεςὲπὲγρα-

805 1507 873 1557 ψαν.
909 1490 950 1545 Οὐ
973 1489 1027 1557 γὰρ
1050 1490 1106 1556 ἔχει

806 1580 822 1632 ὁ
836 1579 1018 1647 τελευτήσας,
1035 1578 1105 1645 ἅπερ

807 1670 895 1737 ἔφαγε
932 1669 977 1721 καί
1014 1667 1106 1733 ἔπιεν,

806 1755 865 1811 ἀλλ’
888 1755 938 1820 εἰς
961 1757 1024 1822 τὴν
1049 1757 1106 1808 δυ-

806 1845 897 1911 σώδη
970 1843 1107 1912 φθορὰν

806 1933 921 1987 ἐκεῖνα
957 1933 1106 1999 κεχώρη-

806 2021 969 2088 κεν·,ἔχει
994 2021 1029 2075 δὲ
1049 2020 1106 2087 μό-

805 2127 864 2163 νον
882 2113 942 2163 τοῦ
961 2108 1107 2176 παρανό-

806 2198 1107 2265 μουβίουτήνδυσ-

811 2287 957 2354 οσμίαν,
990 2286 1008 2352 ἣ
1038 2288 1106 2353 διη-

806 2381 920 2440 νεκῶς
946 2375 1008 2441 τὴν
1042 2392 1106 2441 ψυ-

806 2467 871 2532 χὴν
889 2465 1032 2530 ἀλγύνει
1052 2465 1107 2516 καὶ

807 2554 1106 2623 ἀνιᾷ,ξυνειδυῖαν

807 2641 915 2708 ἑαυτῇ
944 2638 985 2692 τὰ
1012 2637 1105 2692 κάκι·

806 2727 1107 2795 στακαὶμεμνημὲ-

804 2834 876 2886 νην,
896 2817 942 2870 ὧν
959 2816 1106 2885 παρανό·

805 2923 877 2976 μως
907 2906 1106 2975 εἰργάσατο.

320 3058 445 3132 Quanta
466 3058 537 3118 insit
567 3060 598 3118 in
620 3060 666 3119 his
687 3061 762 3120 locis
784 3061 958 3130 similitudo,
990 3077 1082 3119 nemo
1103 3079 1167 3118 non
1189 3061 1357 3136 intelleget,

220 3179 290 3220 cum
316 3160 495 3237 praesertim
521 3159 677 3221 Ciceronis
704 3163 745 3221 de
774 3163 823 3221 fin.
849 3162 878 3220 ll
904 3161 962 3220 106
993 3155 1076 3219 ‘fluit
1102 3162 1194 3236 igitur
1220 3161 1360 3237 voluptas

220 3251 292 3324 etc.’
314 3263 533 3338 comparaverit
555 3280 624 3321 cum
646 3263 839 3322 Theodoreti
861 3263 970 3332 verbis,
1000 3279 1079 3338 quae
1100 3262 1289 3339 epigramma
1311 3280 1360 3321 se-

222 3373 364 3442 quuntur,
387 3372 418 3422 et
438 3361 613 3434 Clementis
637 3381 716 3439 quae
737 3365 813 3423 illud
835 3365 1032 3424 antecedunt.
1076 3364 1192 3421 Fluxae
1214 3371 1246 3420 et
1268 3363 1363 3438 fragili

222 3467 370 3543 voluptati
392 3465 556 3541 opponitur
577 3465 620 3521 vis
636 3465 857 3524 conscientiae.
901 3464 1009 3539 ltaque
1031 3463 1103 3521 mihi
1129 3464 1279 3522 dubitatio
1302 3482 1365 3521 non

223 3587 291 3626 esse
314 3569 442 3638 videtur,
471 3567 544 3642 quin
565 3567 607 3623 illi
632 3566 690 3624 loci
719 3568 762 3625 ad
783 3567 916 3624 eundem
938 3573 1096 3623 auctorem
1120 3564 1273 3622 referendi
1295 3565 1364 3634 sint,

223 3687 315 3745 quem
336 3669 475 3727 adhibuit
498 3667 606 3727 Cicero
628 3669 669 3725 ad
691 3667 799 3724 librum
821 3666 852 3725 II
875 3668 915 3724 de
936 3665 997 3744 fin,
1019 3665 1214 3725 Antiochum.
1236 3697 1270 3706 —
1293 3665 1365 3724 Hoc

225 3771 418 3828 confirmatur
439 3786 488 3839 e0‚
521 3770 607 3845 quod
634 3767 804 3826 Antiochus
836 3768 867 3825 in
895 3767 1012 3825 illorum
1044 3784 1184 3825 versuum
1217 3767 1366 3844 scriptura

226 3872 416 3948 discrepasse
438 3857 558 3929 videtur
579 3871 618 3928 ab
640 3870 716 3939 aliis,
740 3870 791 3945 qui
810 3878 844 3927 ut
860 3868 1042 3946 Chrysippus
1066 3869 1149 3943 apud
1165 3867 1275 3928 Athen.
1292 3868 1366 3925 VIII

230 3986 267 4043 14
281 3989 309 4046 p.
326 3969 385 4046 336
401 3966 448 4028 A1
472 3971 648 4046 scripserint
669 3967 827 4032 λέλυνται.

326 4069 421 4142 Quod
437 4069 578 4129 Clemens
601 4079 633 4128 et
647 4071 865 4129 Theodoretus
889 4070 1011 4128 tertium
1032 4087 1154 4128 versum
1177 4070 1366 4138 adiecerunt,

226 4188 290 4228 non
309 4170 402 4229 habet
423 4178 540 4228 tantum
554 4172 709 4241 momenti,
730 4180 764 4229 ut
784 4190 855 4230 eum
874 4170 967 4229 etiam
984 4172 1022 4229 ab
1035 4170 1190 4230 Antiocho
1213 4171 1366 4248 scriptum,

227 4271 416 4331 aCicerone
447 4271 594 4329 omissum
619 4290 688 4330 esse
714 4281 875 4349 putemus,
909 4292 977 4332 cum
1004 4271 1182 4349 praesertim
1211 4289 1230 4327 a
1256 4269 1366 4327 ceteris

226 4373 278 4449 qui
308 4390 378 4430 eum
412 4372 594 4430 tradiderint
626 4373 747 4432 duobus
779 4374 916 4433 versibus
951 4382 1157 4451 anteponatur
1190 4388 1292 4446 neque
1326 4370 1367 4426 ad

228 4497 426 4508 ‚.-....--—

326 4561 396 4618 let.
417 4565 510 4615 Naeke
528 4563 547 4618 l.
567 4579 589 4618 c.
607 4581 634 4631 p.
654 4577 705 4628 209
724 4573 750 4616 et
770 4577 830 4616 211.

1178 4661 1194 4699 2
